2526 3986
125 251 271 338 [specu]
472 297 477 302 -
513 256 623 320 tisun
641 259 679 320 Π.
758 317 759 336 ι

123 409 304 488 Divitiaeque
317 410 500 489 peregrinae,
517 411 634 488 quibus
632 409 737 474 oblitus
746 415 840 476 actor‘

124 491 196 554 Cum
208 495 306 553 stetit
297 512 326 553 ru
337 511 440 569 socna,
456 496 599 554 concurrit
610 492 725 554 dextera
738 485 847 556 laevae.

121 571 201 637 Dixit
211 575 303 636 adhuc
315 573 472 658 aliquidt,
475 575 534 652 ,Nil
545 594 622 648 sanc.
626 579 648 612 “
669 576 743 650 Qum
755 578 848 656 placet
858 576 950 660 ergo?

120 655 757 740 ,tanatuentiusuolasiniuuvenenoft

122 745 166 804 hc
175 762 212 804 ne
223 744 298 803 iorte
310 752 393 822 putes
403 761 449 802 mc
455 762 551 822 ,quae
562 743 679 804 iacere
670 761 733 822 upse
747 763 887 824 recusem,

124 826 195 894 (lum
205 834 285 886 recte
296 835 415 886 nectent
426 826 501 903 alii,
506 827 621 888 laudare
631 828 766 906 maligne:

122 910 176 985 lile
189 927 241 992 per
252 919 395 971 amentum
405 910 500 970 funem
514 911 580 971 mihi
593 929 681 990 posse
693 912 803 972 videtur

122 993 169 1060 lre
181 1001 285 1072 pocta,
302 1011 394 1055 meum
406 995 454 1072 qui
466 1003 566 1073 pectus
578 997 696 1055 inaniter
705 998 791 1074 angit,

122 1077 229 1154 lrritat,
246 1077 365 1154 mulcet,
378 1077 458 1138 ialsis
471 1079 625 1140 terroribus
637 1079 745 1158 implet,

122 1161 160 1222 Ut
168 1179 283 1240 magus,
300 1171 331 1221 ct
340 1160 424 1222 modo
439 1181 485 1222 mc
497 1161 601 1223 Thebis
612 1162 696 1226 modo
709 1165 788 1242 ponit
797 1163 927 1224 Athenis

121 1245 227 1308 Verum
240 1263 295 1324 age
305 1254 334 1305 et
345 1247 388 1306 his
398 1249 473 1325 ,qui
488 1264 522 1306 se
532 1245 633 1314 lectori
645 1247 765 1307 credere
777 1246 881 1307 malunt

123 1328 746 1412 Quamspectatcrislastidiaierrcsuperbi,
822 1335 825 1342 ’

122 1411 325 1482 eursmrcdde
336 1414 470 1490 brevem,
491 1416 516 1474 si
528 1433 628 1475 munus
639 1413 772 1493 Apolline
783 1413 896 1492 dignum

121 1497 173 1556 Vis
185 1495 332 1574 complere
343 1495 423 1558 libris
438 1507 467 1557 et
480 1499 591 1558 vatibus
603 1497 706 1558 addere
719 1498 820 1576 calcar,

121 1581 159 1641 Ut
170 1579 263 1640 studio
277 1582 490 1660 maiorepetant
500 1581 637 1643 Helicona
648 1585 793 1644 virentem.

120 1663 208 1724 Multa
219 1664 332 1743 quidem
342 1666 425 1726 nohis
436 1666 553 1726 iacimus
563 1667 635 1729 mala
647 1679 735 1744 saepe
746 1673 861 1745 poetae,
874 1697 887 1708 ·

120 1748 159 1808 Ut
169 1751 264 1809 vineta
275 1759 393 1827 egomet
400 1750 514 1811 caedam
525 1769 603 1827 mea,
617 1785 629 1793 -
642 1768 705 1809 cum
714 1751 764 1809 tibi
775 1749 876 1810 librum
946 1747 947 1760 ¹

99 1839 102 1846 ”
119 1832 253 1893 Sollicito
267 1832 365 1892 damus
377 1841 424 1894 aut
434 1834 527 1902 iessc;
543 1851 605 1892 cum
616 1832 763 1910 laedimur,
777 1852 860 1894 uuum

8 1941 11 1946 ·
121 1915 154 1978 Si
170 1917 233 1994 quis
244 1917 396 1975 amicornm
408 1926 452 1976 est
463 1935 548 1976 ausus
558 1917 768 1995 reprehendere
778 1931 905 1986 versum

121 1998 822 2072 cumlocatamrecitatajrevolvmusirrevccati;
874 2011 877 2016 '

53 2134 56 2140 .
122 2081 195 2142 Cum
206 2080 404 2158 lamentamur,
419 2099 476 2154 non
486 2101 624 2162 apparere
636 2084 749 2144 labores

120 2165 244 2232 Nostros
256 2174 285 2226 ct
296 2168 372 2226 tenui
384 2166 504 2228 deducta
516 2175 646 2246 poemata
657 2167 719 2238 tito,

122 2249 194 2310 Cum
207 2267 354 2328 speramus
367 2267 403 2310 eo
413 2269 473 2310 rem
487 2261 647 2328 venturam,
664 2261 709 2328 ut,
725 2251 904 2332 simulatque

22 2365 29 2378 ι
122 2333 251 2394 Carmina
261 2335 395 2394 resciens
406 2352 458 2396 nos
470 2336 594 2414 linigera
614 2335 776 2394 commodus
788 2335 872 2396 ultro

119 2406 775 2497 Arcessasetegerevctesetsoribereoogas.
892 2451 895 2456 ·

121 2499 182 2562 Sed
194 2509 287 2562 tamen
297 2511 341 2561 est
352 2518 458 2580 operae
470 2505 589 2582 pretium
604 2519 797 2586 cognoscere,
815 2501 916 2582 quales

119 2583 259 2646 Aedituos
269 2585 371 2646 haheat
381 2587 449 2666 belli
461 2595 588 2666 spectata
599 2587 730 2664 domique

119 2669 217 2728 Virtus
224 2669 365 2748 ,indigno
379 2686 435 2732 non
446 2671 642 2730 committentia
653 2678 767 2749 poetae

120 2752 222 2830 Gratus
232 2752 393 2837 Alexandro
404 2768 467 2832 regi
460 2753 580 2854 ‘Magno
595 2755 647 2814 fuit
658 2753 706 2813 illc

119 2823 288 2913 Choerilus,
304 2837 419 2914 incultis-
402 2839 617 2917 pqui'versibus
631 2838 823 2898 etmalenatis

118 2919 228 2980 Retulit
238 2929 393 2999 acceptos
413 2923 511 3000 regale
522 2941 658 2984 nomisma
667 2920 847 2999 ,Philippos

118 3002 179 3063 Sed
188 3004 276 3064 veluti
288 3013 404 3066 mactata
413 3015 508 3066 notam
521 3006 671 3085 labemque
683 3007 826 3064 remittunt

116 3087 296 3165 Atramenta,
314 3089 374 3148 fere
385 3093 541 3168 scriptores
554 3094 675 3150 camnine
685 3088 772 3148 foedo
832 3097 834 3102 “

116 3171 273 3248 Splendida
284 3173 358 3233 iacta
369 3174 466 3234 linunt.
488 3172 566 3237 Idem
577 3193 628 3235 rex
638 3173 702 3248 ille,
719 3180 821 3250 poema

117 3254 175 3327 Qui
187 3263 243 3314 tam
253 3255 399 3317 ridiculum
410 3267 465 3318 tam
477 3276 542 3318 carc
553 3257 688 3336 prodigus
705 3258 782 3331 emit,

115 3336 221 3398 Edicto
233 3340 346 3415 vetuit,
356 3359 392 3416 ιιι
404 3344 467 3420 quis
479 3359 512 3401 se
526 3350 640 3419 praeter
650 3338 780 3417 Apellam

151 3429 306 3470 nonanus.
847 3420 881 3476 16
918 3433 924 3443 ·
