2536 3986
475 207 478 219 '
566 225 809 302 oauuuou'
964 171 969 186 ’
1046 242 1173 320 [oua]

476 407 478 412 ’
558 433 828 492 ouurxxvn.

441 553 543 606 -uu
579 550 908 604 erraretur.

361 655 468 736 impios
481 649 579 735 pa'rrae
592 656 744 715 recinentis
758 673 841 718 omerr

361 740 454 802 Duoat
465 749 493 800 et
504 757 662 820 praegnans
675 742 768 815 oanis,
785 748 832 799 aut
845 741 880 801 ab
892 757 961 819 agro
1005 749 1008 754 “

361 823 439 886 Rara
451 823 603 884 decurrens
615 821 682 899 iupa
693 821 834 884 Lanuuino

411 907 538 988 dietaque
552 905 654 983 vulpes
667 927 673 975 ;

360 1058 483 1138 Rumpat
497 1069 526 1120 et
537 1079 657 1138 serpeus
669 1063 723 1120 iter
738 1062 904 1137 institutum,

360 1142 391 1202 Si
404 1161 455 1222 per
469 1143 614 1223 obliquum
625 1145 723 1218 similis
739 1146 860 1222 sagittae

359 1223 469 1287 Terruit
486 1233 616 1289 manuos:
636 1245 692 1306 ego
705 1231 750 1288 oui
761 1228 879 1304 timebo,

411 1309 547 1371 Providus
558 1330 676 1391 auspex,

357 1463 514 1542 Antequam
531 1473 637 1524 stantes
651 1472 763 1542 repetat
779 1461 897 1541 paludes

358 1545 490 1608 imbrium
501 1547 593 1608 diviua
603 1550 663 1609 avis
677 1548 875 1623 dominantum,

358 1629 491 1690 Osoiuem
503 1649 619 1691 corvum
634 1649 721 1710 preoe
737 1631 881 1690 suscitabo

410 1713 485 1774 Solis
499 1716 534 1776 ab
546 1723 618 1775 ortu.

325 1877 329 1886 ·
356 1866 402 1926 Sis
413 1865 481 1926 lieet
494 1865 579 1944 isliu,
595 1867 756 1947 ubieunque
767 1869 866 1944 mauis,

354 1945 392 2010 Et
403 1967 511 2010 memor
521 1953 629 2028 nostri,
649 1948 778 2028 Galatea,
790 1953 881 2028 vivas,
907 1954 909 1959 '

356 2031 455 2113 deque
466 2051 520 2094 uso
530 2032 628 2095 laevus
640 2044 719 2096 vetet
732 2039 774 2096 ire
786 2037 868 2114 pious

404 2116 467 2178 Neo
480 2135 553 2196 uaga
564 2122 670 2180 aoruix.

354 2265 518 2347 sedvides‚
536 2279 640 2348 quauta
651 2271 775 2350 trepidet
786 2270 903 2330 tumultu

353 2351 461 2414 Pronus
473 2352 569 2414 Orion.
613 2353 678 2433 Ego
693 2354 760 2434 quid
772 2357 807 2415 sit
818 2364 878 2414 ater

352 2435 472 2497 Hadriae
487 2439 553 2497 novi
565 2440 659 2515 sirus,
672 2438 779 2521 etquid
790 2437 870 2499 albus

405 2518 620 2598 Peooetldpyx.

350 2670 480 2733 Hostium
494 2689 599 2734 uxores
612 2677 750 2754 puerique
766 2692 869 2740 oaeoos

351 2756 477 2817 Sentiaut
488 2767 580 2818 motus
600 2761 716 2818 orientis
730 2759 825 2820 Austri
840 2767 869 2819 et

349 2838 492 2918 Aequoris
502 2843 576 2920 nigri
588 2841 728 2902 tremitum
740 2852 769 2902 et
781 2850 934 2902 trementes

399 2923 527 2986 Verbere
539 2927 626 3004 ripas.

350 3077 398 3135 Sio
414 3085 443 3135 et
453 3076 571 3156 Europe
582 3080 695 3138 niveum
707 3078 809 3138 doloso

349 3157 475 3219 Credidit
488 3171 567 3221 tauro
582 3161 671 3238 latus,
684 3171 713 3221 et
728 3169 885 3221 scatentem

347 3240 453 3302 Belluis
468 3255 584 3321 pontum
596 3244 760 3324 mediasque
775 3243 890 3304 fraudes

359 3348 365 3358 ·
396 3323 496 3387 Palluit
510 3328 614 3388 audax:
