2536 3986
572 145 900 268 CARMIMUM'

341 353 518 430 spectandus
531 356 559 416 iu
570 359 723 420 certamine
735 357 848 437 Martie,

339 435 451 498 Devota
462 443 543 499 morti
550 450 673 520 pectora
683 442 791 504 liberae

393 518 511 593 Quantis
522 523 652 602 fatigaret
663 528 762 602 ruiuia,
772 555 788 566 -

379 665 389 694 x
429 603 581 668 lndomitae
592 625 683 688 prope
695 610 786 688 qualis
803 610 891 671 undae

338 726 462 790 Exercet
472 730 586 809 Auster,
603 731 848 796 Pleiadumelroro

339 811 491 874 Seiudeute
502 816 604 893 nubes,
617 849 629 862 ·
641 819 763 896 impiger
777 820 899 880 hostium

387 897 500 959 Vexare
510 909 614 962 turmas
634 911 663 962 et
674 901 839 964 frementem
877 969 880 976 s

428 981 540 1044 Mittere
552 1003 654 1063 equum
665 984 773 1045 medios
785 1003 838 1064 per
847 990 940 1065 ignes.

340 1108 389 1169 Sie
399 1109 568 1170 tauriformis
579 1109 702 1170 volvitur
711 1111 840 1188 Aulidus,

256 1269 259 1274 Ι
338 1191 394 1268 Qui
408 1209 495 1271 regua
504 1193 595 1254 Dauni
607 1194 736 1272 praefluit
747 1195 863 1274 Appuli‚
939 1193 950 1212 ‘

387 1275 457 1338 Cum
478 1281 568 1339 saevit
577 1278 802 1357 horrendamque
814 1279 895 1344 eultis

427 1361 568 1423 Diluviem
580 1361 727 1422 meditatur
738 1365 825 1440 agris,

335 1485 373 1546 Ut
383 1486 563 1546 harbarorum
578 1485 712 1548 Claudius
724 1489 835 1566 agmina

337 1568 452 1630 Ferrata
462 1579 543 1630 vasto
562 1569 645 1643 diruit
657 1573 774 1649 impetu,

388 1651 554 1731 Primusque
569 1663 598 1714 et
609 1664 751 1716 extremos
763 1654 894 1716 metendo

1010 212 1153 292 paura]
1250 205 1252 209 ’

429 1737 533 1797 Stravit
543 1737 665 1815 humum,
679 1740 740 1798 siue
752 1737 831 1798 elade
842 1741 943 1815 victor,
1029 1801 1035 1816 ,

335 1859 377 1920 Te
389 1863 506 1939 eopiae3
519 1870 547 1921 te
560 1862 708 1923 eonsilium
722 1871 751 1922 et
766 1872 829 1922 tuoe

335 1943 491 2006 Praebente
503 1943 594 2005 divos.
632 1944 703 2009 Nam
714 1946 775 2023 tibi,
790 1962 846 2025 quo
862 1945 907 2006 die

385 2027 484 2088 Portus
495 2029 672 2091 Alexandrea
683 2030 805 2108 supplex

426 2111 463 2174 Et
471 2131 586 2174 raeuam
599 2113 733 2192 patefecit
745 2113 844 2189 aulam,

334 2238 457 2300 Fortuna
468 2239 557 2299 lustro
570 2256 708 2317 prospera
719 2241 804 2298 tertio
894 2309 896 2312 Ι

334 2322 406 2384 Belli
417 2323 558 2383 secundos
573 2322 694 2382 reddidit
704 2324 806 2397 exitus,

386 2406 566 2486 laudemque
578 2416 607 2466 et
619 2413 744 2485 optatum
755 2407 878 2485 peractis

424 2488 553 2568 Imperiis
565 2489 652 2550 decus
664 2491 814 2576 arrogavit.

333 2622 373 2683 Te
385 2623 525 2686 Cantaber
536 2641 592 2684 uon
602 2631 666 2685 aute
678 2621 824 2682 domabilis

333 2706 491 2786 Medusque
506 2716 534 2766 et
544 2704 640 2782 ludus,
653 2715 682 2766 te
693 2706 830 2784 profugus
843 2705 964 2782 Scythes

382 2791 507 2867 Miratur,
521 2807 538 2850 ο
551 2787 637 2849 tutela
649 2807 785 2868 praesens
833 2841 836 2858 ‚

424 2874 521 2935 ltaliae
534 2872 720 2952 dominaeque
730 2873 848 2934 Rornae.

334 3017 385 3095 Te,
401 3018 518 3079 fontium
531 3020 578 3098 qui
591 3017 664 3078 eelat
676 3021 811 3097 origines,

330 3101 468 3182 Nilusque
481 3112 510 3162 et
520 3101 609 3179 later,
621 3110 650 3161 te
662 3102 775 3182 rapidus
787 3100 890 3180 Tigris,

381 3184 766 3264 Tebelluosuaquireruotis
796 3253 799 3260 ,

426 3267 571 3349 Obstrepit
592 3269 883 3345 OeeauueBritanuie‚
