2556 3990
140 240 300 320 [oasa]
422 245 432 284 2
527 236 636 304 LIBER
652 242 689 303 lt.

250 411 253 416 “
295 394 390 455 Latius
402 413 507 474 regnes
519 395 629 455 avidum
642 396 780 460 domando

296 479 440 557 Spiritum,
454 498 536 558 quam
555 481 579 538 si
590 477 705 556 Libyam
715 481 834 541 remotis

297 561 420 624 Gadibus
433 567 533 644 iungas
546 573 575 624 et
588 571 708 642 uterque
720 563 832 624 Poenus

347 648 457 708 Serviat
471 649 528 707 uni.

296 779 408 843 Crescit
417 782 567 860 indulgens
585 783 639 842 sibi
655 781 731 844 dirus
741 781 878 862 hydrops,
935 821 936 826 κ

295 867 357 928 Nee
371 868 446 926 sitim
460 866 551 946 pellit,
568 868 622 926 nisi
634 884 719 926 eausa
729 867 820 926 morbi

295 952 412 1029 Fugerit
421 953 503 1010 venis
517 960 545 1010 et
557 966 683 1029 aquosus
697 951 762 1010 albe

255 1082 257 1086 .
349 1032 479 1112 Corpore
492 1035 621 1112 languor.

192 1167 194 1172 ’
294 1168 445 1238 Redditum
460 1167 527 1244 Gyri
539 1169 613 1228 sulio
626 1168 764 1229 Phraaten

287 1253 444 1313 ‘Dissidens
455 1253 533 1331 plebi
545 1267 661 1314 numero
674 1254 820 1314 beatorum

184 1345 189 1358 “
295 1336 399 1398 Eximit
408 1339 508 1414 virtus,
522 1337 717 1417 populumque
728 1337 808 1398 ialsis

346 1421 529 1482 Dedecetuti

295 1555 432 1632 Vocibus,
444 1573 562 1634 regnum
574 1566 602 1616 at
612 1555 739 1616 diadema
754 1563 843 1615 tutum

295 1641 436 1701 Deierens
448 1643 494 1698 uni
511 1643 711 1719 propriamque
722 1640 839 1716 laurum,

296 1724 432 1802 Quisquis
444 1725 573 1801 ingentes
586 1725 670 1786 uenio
681 1728 814 1784 irretorto

345 1809 462 1886 Spectat
473 1825 602 1869 acervos.

532 2077 721 2134 onum.

449 2194 509 2246 an
537 2163 797 2249 *nasorum

294 2305 423 2385 Aequam
433 2315 574 2366 memento
587 2305 673 2365 rebus
687 2308 714 2365 in
726 2307 820 2366 arduis

295 2391 416 2451 Servare
430 2399 562 2466 mentem,
580 2387 637 2450 non
649 2408 734 2449 secus
751 2393 779 2450 in
793 2390 877 2450 bunis

345 2474 390 2535 Ab
401 2475 534 2535 insolenti
545 2480 729 2552 temperatam

312 2593 314 2600 ν
397 2557 526 2636 Laetitia,
545 2561 680 2618 moriture
692 2557 780 2634 Delli,

295 2695 352 2754 Seu
366 2702 490 2752 maestus
502 2695 576 2754 omni
590 2703 721 2771 tempore
735 2694 853 2770 vixeris,
935 2693 937 2705 ’

295 2779 392 2848 Senta
405 2779 434 2836 in
447 2786 557 2838 remoto
569 2771 696 2856 gramine
708 2794 760 2854 par
772 2776 833 2836 dies

343 2851 446 2922 Fe'stos
459 2860 625 2922 reclinatum
640 2861 735 2922 bearis

397 2943 534 3006 Interiora
546 2947 612 3007 n‘uta
623 2945 759 3022 Falerni„

294 3077 359 3152 Quo
371 3080 453 3157 pinus
464 3081 566 3158 ingens
578 3080 699 3158 albaque
712 3079 835 3160 populus

291 3162 423 3224 Umbram
432 3163 602 3241 hospitalem
615 3167 781 3225 consociare
796 3172 887 3224 amant
1065 3163 1105 3226 10

343 3248 452 3323 Remis,
467 3257 496 3306 et
508 3248 624 3328 obliquo
639 3248 748 3307 laborat

399 3331 524 3410 Lympha
536 3331 622 3408 fugax
635 3332 777 3416 trepidare
787 3335 848 3392 rivu
860 3360 866 3390 ι
