2536 3986
292 188 294 195 r

15 303 20 315 ,
134 227 257 306 [oar]
506 219 617 284 nunu
637 221 688 284 nr.
787 235 791 244 ·

286 376 342 451 Qui
356 385 457 435 terram
470 376 598 456 inertem,
611 379 658 454 qui
674 395 750 438 mare
761 385 899 456 temperat

286 461 441 524 Ventosum
458 467 487 518 et
497 460 582 520 urbes
596 477 739 539 regnaque
752 463 851 538 tristia,

336 541 484 622 Divosque
500 543 690 622 mortalesque
708 545 803 605 turbas

370 626 493 705 Imperio
505 629 579 704 regit
591 645 662 687 unus
673 645 775 707 aequo.
819 687 828 702 x

286 761 417 842 llagnum
431 761 479 823 illa
494 771 630 842 terrorem
645 759 775 836 intulerat
790 758 850 821 lovi

211 915 216 922 p
286 845 390 918 Fidens
402 849 532 906 iuventus
546 843 659 905 horrida
670 843 802 920 brachiis,

336 929 508 1008 Fratresquc
519 927 668 988 tendentes
679 943 772 1006 opaco
861 945 867 957 ·

370 1011 468 1072 Pelion
485 1013 657 1092 imposuisse
670 1011 802 1090 Olympo.

289 1147 347 1208 Sed
362 1146 430 1226 quid
441 1146 595 1226 Typhoeus
607 1155 636 1205 et
645 1144 754 1206 validus
767 1142 877 1222 Mimas,

288 1231 344 1292 Aut
362 1230 429 1310 quid
440 1232 541 1290 minaci
552 1227 728 1307 Porphyrion
741 1235 825 1304 stetu,

340 1314 413 1389 Quid
423 1315 552 1375 Rhoetus
564 1312 728 1392 evulsisque
739 1313 845 1372 truncis

392 1397 551 1460 Enceladus
562 1396 699 1460 iaculator
708 1394 798 1457 audax

290 1529 394 1594 Contra
405 1542 551 1593 sonantem
562 1531 682 1593 Palladis
693 1532 794 1610 aegida

290 1613 556 1677 Poscentruentesl
577 1615 650 1677 Hinc
666 1616 764 1677 avidus
780 1618 858 1678 stetit

338 1700 491 1777 Vulcanus,
507 1701 571 1762 hinc
583 1709 708 1761 matrona
717 1698 787 1760 luno
799 1710 829 1761 et

393 1783 541 1864 Nunquam
551 1787 675 1846 humeris
691 1787 834 1863 positurus
848 1801 953 1862 arcum,
1060 1786 1101 1848 60

270 1988 274 2002 ἱ
291 1915 346 1988 Qui
356 1935 422 1978 rore
433 1933 504 1995 puro
516 1916 656 1980 Gaetuliae
666 1917 735 1978 lavit

292 1997 391 2060 crines
407 2001 527 2076 solutos,
542 2004 589 2080 qui
600 2001 703 2078 Lyciae
714 2011 792 2062 tenet

339 2083 460 2184 Dumete
469 2085 646 2184 natalemque
662 2085 770 2162 silvam,
1033 2057 1111 2218 {L

395 2166 495 2227 Delrus
507 2177 536 2227 et
545 2165 679 2229 Patareus
691 2167 806 2248 Apollo.

290 2299 341 2358 Vis
353 2300 454 2361 consili
467 2319 571 2380 expers
585 2301 660 2362 m'olc
670 2305 725 2363 ruit
738 2321 804 2363 sua:
1063 2302 1102 2365 65

259 2456 261 2466 y
289 2383 352 2444 Vim
362 2394 544 2464 temperatam
558 2385 585 2446 di
604 2403 717 2464 quoque
729 2386 886 2465 provehunt

340 2466 373 2529 ln
384 2471 490 2538 maius;
513 2468 587 2530 idem
599 2470 687 2529 odere
698 2472 775 2530 vires

396 2553 486 2614 Omne
496 2553 576 2614 neias
587 2556 678 2614 animo
694 2563 852 2615 moventes.

273 2761 275 2773 k
291 2684 385 2748 Testis
396 2706 520 2749 mearum
531 2689 702 2750 centimanus
719 2687 793 2765 Gyas
902 2725 905 2738 ›

292 2771 507 2848 Sententiarum,
520 2781 603 2833 notus
616 2782 645 2833 et
658 2775 785 2852 integrae

250 2860 255 2868 ‘
340 2853 475 2917 Tentator
487 2856 703 2934 OrionDianae,

390 2939 525 3018 Virginea
536 2940 658 3001 domitus
670 2941 782 3019 sagitta.

290 3060 397 3124 iniecta
406 3067 539 3126 monstris
551 3065 637 3126 'lerra
652 3064 730 3126 dolet
741 3066 800 3124 suis

290 3145 456 3228 liceretque
467 3159 562 3229 partus
580 3149 696 3209 fulmine
711 3148 831 3208 luridum

340 3231 446 3294 llissos
457 3233 493 3294 ad
505 3234 622 3303 Orourm
640 3249 695 3293 nec
707 3221 817 3310 peredit
1062 3233 1103 3296 75

403 3318 566 3398 Ιηιροείιαπι
578 3316 658 3378 celer
670 3318 744 3395 ignis
755 3314 882 3393 Aetnam,
