2526 3986
109 201 252 279 [spissa]
521 195 630 279 LlBER
646 194 668 256 1.
697 263 701 271 ,
814 281 818 290 ἱ
1008 196 1070 262 205

109 352 192 413 Plebs
208 353 275 412 eris.
296 351 335 410 At
349 351 429 427 pueri
443 341 571 409 ludentes
583 349 670 426 „ilex
682 351 761 408 eris“
773 351 859 426 aiunt,

107 437 163 512 „si
174 444 255 496 recte
267 434 393 494 lacies“
420 433 473 492 llio
486 452 581 494 murus
595 434 718 496 aheneus
735 443 812 492 esto:
1029 439 1070 499 60

106 520 153 581 Nil
166 520 296 579 conscire
308 517 380 593 sibi,
396 515 471 576 nulla
486 515 749 595 pallescere‘culpa.
775 584 792 609 .

106 603 228 681 Roscia,
242 601 401 672 dipsades,
413 600 514 660 nnclior
525 600 573 661 lex
583 619 618 660 an
630 616 779 679 puerorum
791 607 835 661 est

105 687 213 764 Nenia‚
228 705 301 767 quae
312 702 430 762 regnum
440 693 521 743 recte
533 682 701 745 iacientibus
712 684 805 761 offert,
910 705 913 712 ¹
1009 681 1014 688 '

105 771 142 846 Et
154 772 277 831 maribus
289 768 381 830 (iuriis
398 776 426 827 et
437 767 582 830 decantata
597 765 742 850 Camillis?

106 854 172 915 lsne
186 855 237 914 tibi
255 853 356 914 melius
373 851 488 928 suadet,
507 853 554 930 qui
570 848 665 929 ‚‚Reur
676 851 775 926 iacias,
787 869 857 928 rem,
1028 855 1067 916 65

106 939 162 1016 „Si
174 939 285 1017 possis,
297 946 392 1012 recte,
405 937 430 995 si
441 953 511 1013 non,
529 952 700 1015 quocunque
709 933 795 995 modo
806 953 877 1012 rem,

69 1032 73 1042 ¹
104 1015 296 1100 „Utpropius
308 1028 424 1098 spectes
439 1015 588 1079 lacrimosa
599 1025 729 1098 poemata
739 1016 848 1096 Pupi;“

103 1107 148 1165 An
161 1107 225 1186 qui,
240 1104 381 1166 Fortunae
393 1112 423 1162 te
434 1119 604 1182 responsare
616 1104 756 1181 superbae

103 1190 425 1264 Liberumetorectum,
447 1205 584 1265 praesens
595 1188 722 1247 hortatur
733 1196 761 1246 et
771 1183 866 1264 aptat?

17 1345 22 1360 Ι
105 1273 215 1346 Quodsi
227 1291 273 1332 nra
285 1270 408 1350 populus
420 1270 562 1331 Romanus
573 1271 646 1352 forte
661 1279 760 1348 roget,
775 1288 825 1329 cur
1026 1276 1067 1336 70

103 1357 169 1417 Non
183 1365 214 1416 ut
226 1357 383 1437 porticibus
400 1357 442 1414 sic
454 1354 565 1440 iudiciis
578 1355 653 1414 fruar
664 1354 770 1436 isdem,
828 1357 829 1360 ’

103 1440 167 1501 Nec
178 1459 282 1520 sequar
292 1449 338 1500 aut
350 1439 455 1516 fugiam
466 1457 538 1516 quae
553 1438 643 1516 diligit
654 1439 718 1516 ipse
733 1437 780 1498 vel
791 1437 864 1498 odit:

105 1524 179 1584 Olim
192 1523 270 1602 quod
282 1523 384 1602 uulpes
395 1532 514 1600 aegroto
531 1531 611 1584 cauta
621 1521 697 1582 leoni

103 1607 276 1686 Respondit,
293 1609 428 1667 referam:
445 1605 542 1683 „Quia
553 1625 599 1666 me
609 1607 731 1684 vestigia
745 1599 862 1683 torreat,
945 1621 947 1627 ⁴

103 1692 228 1768 „Omnia
239 1701 269 1751 to
283 1691 432 1751 adversum
446 1692 620 1769 spectantia,
632 1689 708 1750 nulla
718 1694 906 1750 retrorsum.“
1025 1693 1064 1754 75

102 1775 201 1835 Bellua
212 1774 361 1835 rnultorum
374 1793 405 1834 es
418 1777 549 1853 capitum.
561 1773 631 1834 Nam
643 1767 833 1854 quid'scquar,
842 1783 889 1836 aut
900 1772 1004 1855 quern?

102 1859 170 1919 Pars
185 1859 326 1919 hominum
338 1859 424 1935 gestit
439 1857 599 1917 conducere
609 1855 736 1935 publioa;
748 1867 811 1918 sunt
826 1861 874 1938 qui

103 1943 213 2003 (inustis
225 1951 255 2001 ct
264 1943 357 2019 pornis
368 1940 466 2000 viduas
476 1949 613 2001 venentur
623 1959 731 2018 anuas,

101 2025 309 2102 Excipiamque
321 2042 418 2099 senes,
437 2038 509 2102 quos
522 2026 549 2083 in
562 2025 667 2084 vivaria
679 2028 799 2096 mittant;

101 2107 197 2170 llultis
213 2107 327 2167 occulto
344 2108 446 2167 erescit
457 2125 505 2166 res
516 2106 645 2174 foenore.
667 2107 771 2168 Verum

100 2193 193 2270 Esto,
205 2190 268 2252 aliis
278 2189 446 2251 alios'rehus
458 2189 615 2268 studiisque
629 2193 732 2252 teneri:

101 2277 182 2337 Idem
193 2275 292 2336 eadem
304 2283 424 2354 possunt
435 2275 533 2334 horam
545 2272 645 2334 durare
657 2273 831 2352 probantes?

102 2360 227 2437 „Nullus
241 2359 353 2419 inorbo
366 2359 444 2418 sinus
456 2357 531 2418 Baiis
543 2357 688 2435 praelucet
699 2359 859 2443 arnoenis“7
977 2424 981 2432 ,

103 2445 133 2504 Si
146 2444 214 2504 dixit
226 2441 417 2503 diveszlacns
430 2441 544 2517 clinare
557 2443 776 2502 sentitamorem
934 2441 937 2447 ”

101 2526 273 2588 Festinantis
287 2527 361 2594 heri:
377 2529 421 2586 cui
433 2527 457 2586 si
470 2527 573 2585 vitiosa
584 2524 671 2585 libido

101 2610 214 2672 Fecerit
225 2613 391 2690 auspicium,
404 2608 500 2687 „Cras
511 2609 677 2692 lorramepta
689 2607 811 2672 Teanum
926 2661 929 2670 ,

102 2694 236 2772 Toliatis,
249 2694 359 2755 labril“
380 2693 483 2754 Lectus
495 2692 613 2771 genialis
626 2695 653 2752 in
667 2692 730 2752 aula
745 2704 801 2755 est:
844 2727 847 2732 ·

100 2778 148 2838 Nil
159 2781 197 2840 ait
208 2797 273 2838 esse
285 2779 379 2857 prius,
394 2777 495 2838 rnelius
512 2776 552 2838 nil
563 2776 675 2837 coelibe
689 2756 760 2847 vi(a;

101 2864 131 2922 Si
147 2871 273 2938 nonest,
286 2864 359 2921 iurat
374 2862 447 2922 bene
461 2859 531 2922 solis
546 2878 612 2921 esse
625 2863 740 2922 maritis.

102 2946 166 3019 Quo
177 2954 287 3006 teneam
299 2945 392 3006 vultus
403 2954 553 3007 mutantem
564 2945 664 3007 Protea
677 2943 773 3007 uodo‘l
925 2995 927 2999 .
1023 2952 1065 3014 90

102 3028 176 3102 Quid
188 3026 318 3108 pauper?
340 3029 413 3090 Bide
422 3052 430 3090 :
440 3030 526 3090 mutat
538 3029 707 3107 coenacula,
718 3029 824 3108 lectos,

100 3112 220 3189 Balnea,
235 3109 381 3191 tonsores,
395 3113 535 3174 conducto
546 3115 659 3191 navigio
670 3132 761 3192 aeque

99 3196 226 3257 Nauseat
236 3215 270 3256 ac
281 3197 428 3277 locuples,
445 3215 527 3277 quaem
540 3197 615 3258 ducit
626 3199 705 3276 priva
715 3200 846 3259 triremis.

100 3281 130 3340 Si
143 3289 255 3340 curatus
266 3282 406 3361 inaequali
418 3292 534 3344 tonsore
545 3281 664 3360 capillos
