2536 3986
90 223 155 293 [or.
169 220 211 278 rc.
228 221 280 316 iu]
405 299 407 306 Ι
484 214 595 282 ιΙΒΕκ
618 217 655 280 11.

242 371 345 432 Laetus
356 370 385 430 in
397 385 534 449 praesens
545 372 653 430 animus
666 371 826 450 qucdkultra
836 379 882 432 est
937 408 940 416 κ

172 513 182 526 ,
244 454 343 514 Oderit
354 471 463 531 curare,
477 463 506 514 et
517 471 610 514 amara
624 454 702 515 lento

242 537 395 616 Temperet
410 541 482 607 risu;
504 537 574 598 nihil
586 546 630 598 est
642 539 677 598 ab
692 541 766 599 omni

266 615 271 632 ¹
293 620 375 681 Parte
385 622 508 681 beatum.

239 746 364 806 Abstulit
375 744 481 806 clarum
493 746 549 809 cita
560 762 637 806 mors
648 743 798 822 Achillem,

202 862 208 875 s
242 828 339 907 Longa
350 829 499 890 Tithonum
508 831 607 890 minuit
624 837 768 906 senectus,

241 913 279 974 Et
292 913 360 974 mihi
371 914 478 990 forsan,
491 913 630 991 tibi-quod
645 914 766 990 negarit,
779 933 783 944 ·

289 996 510 1075 Porrigethcra.
761 1015 767 1028 t

242 1119 283 1180 Te
294 1139 400 1200 greges
411 1130 523 1182 centum
538 1121 710 1199 Siculaeque
725 1121 831 1180 circum

240 1203 368 1283 Mugium
378 1222 496 1282 vaccae,
507 1205 559 1265 tihi
569 1205 643 1265 tollit
653 1205 788 1264 hinnitum

239 1287 312 1367 Apta
325 1289 468 1367 quadrigis
487 1307 571 1370 equa,
584 1299 613 1349 te
624 1289 669 1348 bis
682 1287 753 1348 hirc

291 1371 400 1432 hlurice
412 1375 517 1434 tinctae

237 1495 367 1556 vestiunt
377 1497 457 1557 lanae
470 1520 477 1566 ;
496 1497 563 1558 mihi
575 1513 662 1575 parva
672 1514 736 1556 rura
749 1504 777 1555 et

240 1579 374 1657 Spiritum
390 1578 490 1641 Graiae
503 1589 616 1641 tenuem
629 1579 770 1642 Camenae
865 1655 869 1662 Ι

114 1676 121 1690 “
237 1662 325 1726 Parca
336 1681 391 1724 ncn
399 1665 519 1725 mendax
529 1664 606 1726 dedit
617 1673 646 1726 et
657 1663 807 1742 malignum

288 1747 431 1826 spernere
441 1749 554 1828 vulgus.

495 1943 646 1954 n—-n-

359 2115 364 2120 ῃ
449 2033 550 2090 emm
576 2033 695 2090 xvn.
747 2104 749 2109 Ι

241 2141 243 2148 ’
286 2169 335 2224 ue
354 2167 617 2222 MAECENATEM
631 2129 848 2222 Ascensum.

238 2308 297 2370 cur
310 2327 356 2372 me
370 2306 494 2389 querelis
507 2307 649 2366 exanimas
661 2305 736 2366 tuis?

236 2392 299 2453 Nec
310 2393 353 2454 dis
368 2394 487 2452 amicum
497 2399 541 2449 est
551 2408 606 2449 nec
617 2391 695 2466 mihi,
713 2401 742 2451 te
757 2392 835 2470 prius

287 2477 385 2552 0hire‚
397 2474 559 2550 Maecenas,
572 2491 705 2534 meamm.

350 2557 461 2620 Grande
472 2557 562 2618 decus
576 2557 764 2637 columenque
774 2572 878 2619 rerum.

233 2684 279 2746 Ah
293 2695 322 2746 te
332 2703 413 2746 meae
428 2685 453 2743 si
471 2691 578 2765 partem
592 2685 699 2744 animae
711 2685 785 2762 rapit

119 2761 132 2776 ”
233 2767 368 2830 Maturicr
379 2769 434 2843 vis,
453 2766 521 2847 quid
537 2784 633 2827 moror
646 2767 743 2844 altera,

285 2851 347 2912 Nec
359 2867 441 2912 carus
453 2869 545 2929 aeque
556 2868 611 2910 nec
623 2861 769 2930 superstes

340 2933 474 3014 Integer?
517 2933 646 2994 Ille'dies
661 2945 807 3014 utramque

233 3059 327 3122 Ducet
340 3063 457 3125 ruinam.
500 3059 564 3120 Non
584 3077 639 3138 ego
654 3058 791 3137 perfidum

233 3144 300 3206 Dixi
312 3153 527 3205 sacramentum:
546 3143 657 3218 ibimus,
670 3142 783 3218 ibimus,
809 3185 813 3198 .

283 3227 435 3306 Utcunque
447 3226 616 3306 praecedes,
631 3243 792 3304 supremum

335 3309 461 3390 Carpere
472 3313 526 3371 iter
540 3313 658 3370 comites
669 3312 768 3387 parati.
854 3387 896 3452 4*
