2556 3990
509 239 714 289 PRAEFATIO.
871 237 873 248 ’
1037 243 1101 292 XIII

121 419 170 476 pro
184 403 339 458 Tullianae
350 398 457 454 restitui
473 397 547 466 Tilla',
564 399 599 454 de
613 416 667 470 quo
678 390 780 470 optime
794 400 944 471 disputavit
955 402 1100 462 llirohner.

120 515 161 530 --·
172 486 243 543 lbid.
257 501 298 540 vs.
309 487 359 541 llo
374 483 519 553 laqueique
532 483 633 536 retinui
646 482 766 553 quidem,
778 483 828 538 sed
844 485 940 543 neseio
953 503 986 542 an
998 487 1101 540 reotins

119 569 297 628 scribendum
308 565 392 622 hrerit
406 565 582 635 iactarem,
599 565 617 619 i.
631 581 655 620 e.
674 566 778 645 oleris,
795 567 869 638 qnod
880 568 1039 638 Lambinus,
1056 570 1101 640 qui

121 653 214 710 eood.
228 649 349 708 hainutii
365 648 487 704 Farnes„
498 648 578 704 card.
600 649 721 720 reoepit,
743 651 814 705 bene
833 650 966 708 delendit.
1000 653 1040 708 De
1058 651 1101 706 lo-

118 753 201 810 pano,
229 734 304 806 quod
324 731 401 787 nullo
422 731 504 787 modo
520 731 671 786 habebatur
693 733 721 786 in
744 733 815 789 oibis
832 734 1022 805 parabilibns‚
1043 735 1099 790 vid.

119 820 218 876 Athen.
232 817 281 885 th,
292 820 334 874 28.
348 833 374 887 p.
389 811 452 874 11³?
494 813 579 880 Quam
598 831 682 885 saepe
697 815 726 871 in
742 818 887 874 vocabulis
902 819 1013 888 graecis
1029 818 1100 890 lapsi

119 900 313 968 sintlibrarii,
329 898 499 954 notissioaum
516 904 622 953 estw-
635 896 704 954 lbid.
720 904 787 968 126,
801 900 847 956 ubi
861 899 889 956 in
905 902 1025 973 vulgatis
1043 907 1099 956 est:

117 985 193 1058 sopio
208 983 312 1038 rabiosi
328 987 450 1054 temporo
465 983 546 1054 ainai,
563 981 664 1038 retinui
682 981 845 1053 scripturam
857 985 964 1042 oodioIs
975 985 1098 1042 Blandin.

120 1065 317 1136 vetustIssimi,
333 1081 402 1136 quae
413 1081 484 1122 nune
496 1065 612 1136 egregie
623 1067 798 1142 conlimatur
817 1068 915 1124 oodioe
927 1068 1052 1126 Gothum
1063 1072 1100 1138 2.,
1182 1111 1188 1126 ,

121 1169 137 1207 e
155 1150 326 1208 reverendae
341 1149 486 1205 vetustatis
506 1149 657 1220 exemplari
682 1149 840 1220 descripto,
865 1152 929 1222 qni,
951 1157 985 1206 nt.
997 1151 1114 1225 primus

120 1235 189 1291 vidit
201 1234 354 1301 huebner,
371 1232 505 1302 integram
524 1239 553 1288 et
569 1232 629 1294 sine
641 1246 737 1289 rasura
755 1232 918 1305 seripturam
929 1236 958 1291 in
969 1239 1100 1291 contextu

119 1317 272 1374 exhibitam
293 1317 383 1372 offert.
425 1315 510 1386 Pauly
535 1310 721 1372 eonieoturam
746 1333 822 1372 suam
850 1315 945 1390 ‘sopio
975 1335 1101 1389 eampum

118 1404 285 1474 thomamque
309 1399 456 1471 imponem'
487 1399 669 1456 audacissime
690 1401 718 1454 in
741 1405 898 1456 contextam
913 1401 1034 1483 [recepit.
1059 1431 1101 1444 --

120 1485 178 1541 Sat.
191 1485 223 1553 7,
239 1487 381 1542 lauotore
398 1483 567 1551 llirehnero‚
585 1483 633 1553 qni
650 1499 782 1554 nusquam
798 1485 870 1556 apud
882 1485 1024 1541 Horatium
1042 1486 1100 1555 syl-

119 1569 209 1625 labam
224 1568 332 1624 finalem
344 1581 376 1621 us
391 1566 419 1620 in
431 1565 488 1622 arsi
498 1567 658 1637 produotam
669 1566 786 1622 Inveniri
798 1567 898 1638 (locet5
910 1569 1011 1624 retinui
1024 1571 1101 1624 tami-

118 1653 223 1723 dusqoa
233 1667 286 1722 pro
301 1649 419 1704 tumidas
431 1645 499 1723 (om.
512 1645 589 1723 pue),
600 1650 673 1720 quod
686 1649 835 1706 Stallbanm
848 1654 875 1706 et
885 1653 970 1721 Pauly
982 1653 1100 1724 amplexi
1161 1661 1167 1666 '

92 1785 97 1794 .
119 1740 190 1792 sunt.
203 1759 246 1776 -·
261 1733 318 1790 Sat.
330 1738 358 1802 8,
369 1735 403 1790 δι
415 1749 477 1788 oum
492 1733 672 1789 Stollbaumio
684 1732 761 1788 nolui
776 1735 901 1791 seribere
912 1741 995 1808 utque
1006 1752 1057 1809 pro
1072 1741 1102 1792 ut

118 1833 206 1892 quoo‚·
229 1817 346 1872 similem
358 1815 469 1888 ellipsin
486 1817 540 1872 vid.
555 1817 612 1872 Sat.
625 1817 687 1886 1,,1,
702 1820 749 1874 23:
771 1831 806 1872 ne
818 1821 872 1887 oie,
888 1825 917 1875 ut
933 1823 981 1891 poa·
996 1821 1099 1875 mouta-

119 1905 177 1969 ra‘a‚
200 1900 294 1956 ridens
307 1913 482 1969 percurram.
494 1929 537 1940 -
560 1899 629 1955 lbid.
644 1917 684 1956 ve.
702 1904 735 1958 41
750 1909 914 1958 resonarent
929 1903 1028 1958 retinui
1041 1918 1101 1958 eom

119 1986 292 2053 llhehnero‚
326 1983 371 2054 qni
394 1987 458 2053 post
475 1983 555 2038 Feam
575 1983 714 2053 vulgatam
736 1984 860 2042 omnibus
881 1986 961 2041 libris
987 1986 1099 2057 seriptis
1163 2055 1168 2062 ι

121 2069 216 2123 iultarn
225 2068 297 2136 bene
312 2064 462 2122 defendite
474 2065 591 2120 bentleii
603 2066 761 2122 oonioetura
772 2071 943 2143 resonarunt,
959 2085 1038 2140 qnam
1053 2085 1100 2123 re-

122 2155 254 2222 ceperant
264 2149 354 2220 llaupt
365 2155 393 2203 et
403 2149 537 2212 hleiuehe.
548 2175 591 2190 -
610 2148 666 2205 Sat.
679 2153 705 2218 9,
721 2157 754 2208 lu
768 2151 919 2208 Stallbaum
930 2158 993 2223 post
1004 2150 1100 2206 tebius

120 2239 266 2306 punctum,
283 2238 347 2305 post
356 2232 484 2287 laudaret
494 2231 586 2304 pnnoti
600 2232 663 2288 loco
678 2249 781 2290 aemma
793 2247 846 2289 non
858 2237 929 2291 bene
941 2235 1042 2305 posuit.
1057 2263 1099 2276 ·-

118 2318 188 2374 lbid.
197 2334 238 2373 vs.
249 2321 282 2375 16
288 2307 458 2388 'scripturam
466 2315 597 2382 librornm
609 2316 771 2373 auctoritate
783 2318 850 2372 satis
863 2321 993 2372 firmatam
1000 2315 1098 2372 Perse-

119 2418 201 2473 quor,
220 2416 298 2470 qnam
311 2415 382 2454 nuno
392 2398 477 2467 Pauly
488 2399 594 2470 reoepit
605 2415 657 2471 pro
668 2397 840 2471 Prosequor,
852 2400 1021 2457 retinendam
1034 2417 1098 2456 oen-

120 2485 178 2548 sni;
206 2484 308 2556 qnippe
325 2499 395 2553 quae
407 2483 495 2554 ipsum
511 2482 654 2538 molestum
666 2483 885 2554 etimportunum
902 2484 1037 2540 hominem
1048 2501 1098 2540 no-

120 2568 163 2623 bis
178 2572 233 2622 tam
248 2565 341 2640 viride
355 2571 561 2638 repraesentet,
579 2571 609 2620 nt
620 2581 696 2635 eom,
712 2566 843 2638 praedam
854 2580 929 2621 suam
941 2573 1099 2624 constanter

119 2655 350 2723 permanentem,
368 2655 430 2704 ante
449 2648 545 2704 oeulos
563 2648 682 2721 positum
695 2649 795 2706 videre
813 2649 962 2706 videamur.
974 2680 1017 2692 -
1039 2651 1096 2708 Sat.

120 2740 163 2804 lo,
176 2737 194 2792 8
200 2747 276 2805 puer
292 2738 332 2787 est
346 2749 398 2805 pro
414 2737 440 2787 et
455 2733 567 2803 reposui
583 2733 612 2790 in
630 2733 695 2788 edit.
708 2733 740 2788 V.
775 2733 904 2789 Fortasse
922 2735 1099 2799 scribendum

121 2822 164 2872 est
177 2831 300 2889 puerum
315 2821 367 2884 est,
382 2821 411 2870 ut
423 2813 490 2872 cato
505 2815 541 2870 sit
558 2817 641 2886 longe
659 2816 789 2872 subtilior
808 2816 853 2876 illo
871 2813 1026 2891 (Orbilio)‚
1052 2818 1098 2889 qni

119 2900 254 2972 plagosus
268 2898 408 2954 lloratium
418 2911 539 2970 puerum
553 2899 621 2954 loris
638 2906 666 2954 et
676 2899 786 2954 ionibus
798 2899 860 2954 ndis
877 2903 1037 2957 exhortatus
1056 2893 1100 2956 est

120 2988 173 3038 ete.
186 3011 229 3024 -
248 2983 318 3038 lbid.
333 2997 374 3038 ve.
387 2987 420 3042 at
432 2981 577 3038 Kirohneri
595 2983 747 3039 rationibus
759 2987 847 3038 motus
860 2996 930 3038 mnne
947 3000 1007 3040 oum
1018 2983 1098 3038 libris

120 3081 174 3120 sor.
189 3065 301 3139 optimis
317 3065 430 3138 scripsi:
448 3066 706 3138 patrieqoeLotinr'‚
733 3064 797 3122 Oam
807 3065 874 3122 Per.
889 3067 1097 3140 proponatque,

119 3148 218 3205 Latine
228 3149 295 3206 Cam
302 3149 379 3217 Pau,
396 3156 424 3205 et
435 3165 476 3204 vs.
488 3155 522 3208 30
533 3155 597 3221 post
607 3148 728 3221 bitinpaa'e
744 3150 913 3206 exclamandi
925 3151 1033 3221 signum
1047 3165 1098 3222 poa

122 3233 173 3288 sui.
186 3259 229 3274 -·-
243 3231 312 3288 lbid.
326 3249 367 3287 vs.
380 3239 413 3292 el
427 3249 486 3288 oum
497 3234 639 3304 plerisque
650 3233 740 3304 iisque
755 3234 865 3306 optimis
877 3233 958 3289 libris
970 3250 1023 3289 ser.
1038 3249 1098 3288 eer-

120 3317 184 3372 vavi
195 3317 284 3388 Atque
295 3331 342 3388 epo
358 3331 409 3388 pro
421 3317 502 3388 Atqui
512 3332 567 3388 epo,
584 3317 843 3386 quod‘oorreotores
855 3317 890 3384 ob
902 3317 1097 3372 contradictio-

123 3413 183 3455 nem
209 3401 408 3457 substituerent
429 3400 456 3456 iu
479 3400 615 3472 aliquibus
639 3401 718 3456 codd.
761 3401 824 3456 viu.
842 3399 919 3456 lland
936 3399 1051 3455 Tursell.
1074 3399 1095 3454 l.
