2526 3986
117 242 305 322 rapacum
528 207 674 304 umnar.
1017 243 1080 306 aaa

345 457 356 468 ··
428 442 672 502 mrrsronn
688 446 762 501 xv.
783 429 784 434 '

339 574 388 628 ue
419 526 663 628 Numenium
698 575 854 628 vunnu.

114 735 194 808 Quae
206 736 243 795 sit
252 734 343 796 hiems
353 733 469 810 Veliae,
490 733 568 813 qnod
582 733 709 811 coelum,
727 734 812 812 Vala,
832 737 949 813 sahmi,
1073 807 1078 816 Ι

114 819 240 892 Quorum
250 819 392 879 hominum
403 820 484 895 regio
497 827 525 878 et
536 818 627 897 qualis
638 819 698 894 via,
711 851 725 862 ·
739 838 802 879 nam
812 821 878 880 mihi
893 821 974 882 Baias

112 903 193 964 Musa
207 919 398 981 supervacuas
409 902 564 978 Antonius,
584 911 612 960 et
623 910 716 962 amen
730 902 786 962 illis

112 986 159 1048 tle
174 988 241 1047 iacit
252 987 389 1062 inrisum,
405 985 501 1063 gelida
513 1004 576 1045 oum
587 982 703 1063 pe'rluor
714 986 787 1046 unda

112 1070 298 1132 Permedium
309 1069 409 1148 frigus.
433 1069 507 1129 Sane
518 1079 637 1130 murteta
650 1069 782 1149 relinqui,

111 1155 252 1235 Dictaque
267 1163 425 1214 cessantem
435 1155 533 1213 nervis
543 1152 648 1213 elidere
660 1155 787 1214 morbum
926 1223 929 1231 1

112 1239 224 1300 Sullura
236 1240 393 1314 contemni,
409 1238 489 1296 vicus
500 1239 603 1315 gemit,
620 1238 730 1297 invidus
742 1241 860 1316 aegris,

112 1323 168 1397 Qui
181 1331 265 1401 eaput
278 1330 307 1381 et
319 1321 492 1382 stomachum
504 1338 667 1400 supponere
680 1321 804 1381 fontibus
816 1322 926 1382 audent

112 1405 249 1483 Clusinis,
268 1404 429 1484 Gabiosque
441 1415 540 1484 petunt
550 1414 579 1465 et
590 1404 691 1484 frigida
702 1421 775 1465 rura.

110 1488 350 1550 blutandu‘sloous
366 1497 425 1565 est,
444 1489 714 1549 etdiversoriauota
731 1521 736 1540 ι
1039 1494 1078 1553 10

110 1572 352 1652 Praeteragendus
367 1591 467 1651 equus.
494 1571 582 1652 „Quo
593 1571 708 1633 tendis?
723 1572 787 1632 Non
799 1573 865 1633 mihi
880 1571 983 1634 Cumas

112 1657 188 1734 „Est
198 1659 252 1717 iter
262 1665 308 1717 aut
319 1655 441 1733 Baias,“
458 1657 539 1717 laeva
550 1658 747 1718 stomachosus
758 1657 867 1719 habena

109 1742 196 1802 Dicet
207 1758 311 1820 aques;
326 1739 378 1800 sed
390 1742 456 1820 equi
483 1739 591 1801 frenato
604 1750 648 1800 est
659 1743 733 1801 auris
746 1743 774 1800 in
786 1756 846 1800 ore.
861 1777 873 1784 -

109 1825 201 1886 blaior
213 1821 302 1885 u'trum
313 1822 448 1902 pdpulum
462 1825 592 1884 lrumenti
603 1827 686 1902 copia
698 1833 805 1903 pascat,

111 1908 296 1970 collectosne
310 1907 405 1968 bibant
416 1907 520 1966 imbres
533 1916 672 1985 puteosne
684 1924 824 1986 perennes

107 1987 211 2047 Dulcis
225 2007 316 2067 aquae
326 2035 334 2064 ,
343 2007 423 2047 -nam
436 1992 500 2049 vina
516 1992 584 2050 nihil
597 2009 693 2051 moror
705 1993 780 2052 illius
796 2010 874 2053 orae.

109 2072 188 2134 Rure
198 2086 264 2130 meo
279 2086 396 2148 possum
408 2071 519 2150 quidvis
532 2073 659 2149 perferre
673 2076 805 2152 patique3

82 2163 87 2174 '
107 2155 242 2216 Admana
255 2172 317 2214 curu
328 2157 409 2230 veni,
425 2156 714 2233 generosumptlene
729 2160 853 2235 requiro,

109 2238 198 2313 Quod
209 2255 289 2298 curas
304 2238 413 2316 abigat,
432 2237 584 2317 quodcum
597 2238 746 2316 spedivitc
762 2251 855 2301 manet

108 2323 142 2383 ln
154 2339 242 2382 uenas
254 2323 430 2399 animumque
444 2339 554 2400 meum,
574 2321 651 2402 qnod
661 2323 748 2382 verba
758 2326 906 2401 ministret,

109 2405 196 2479 Quod
207 2424 252 2466 me
265 2405 394 2466 Lucanae
405 2407 536 2467 iuvenem
548 2405 724 2466 commendet
735 2409 851 2467 amicae.
863 2441 876 2451 -

107 2489 228 2550 'l'ractus
240 2498 303 2549 uter
311 2489 406 2568 plures
418 2489 550 2569 lepores,
570 2499 632 2550 uter
644 2489 747 2549 educet
762 2507 858 2568 apros,

106 2574 178 2635 Utra
188 2575 279 2652 magis
291 2570 430 2652 pisces‘et
445 2575 562 2636 echinos
573 2591 697 2653 aequora
709 2573 812 2650 celent,

107 2657 225 2736 Pinguis
236 2665 267 2716 ut
275 2657 340 2718 inde
353 2657 464 2718 domum
476 2657 587 2736 possim*
595 2657 762 2736 Phaeaxque
773 2661 887 2734 reverti,

109 2742 243 2801 Scribere
255 2742 397 2817 tenebis,
416 2741 466 2802 tibi
478 2759 532 2802 nos
545 2741 761 2819 accredere-par
772 2752 824 2802 est.

109 2824 256 2901 blaanius,
274 2833 304 2884 ut
314 2826 399 2885 rebus
411 2829 542 2888 maternis
553 2836 638 2904 atque
650 2827 775 2904 paternis

106 2907 232 2968 Fortiter
242 2909 376 2969 absumtis
387 2908 508 2974 urbanus
521 2913 617 2989 coepit
630 2910 739 2985 baberi,

109 2991 214 3052 Scurra
225 3009 332 3070 vagus,
348 3011 404 3052 non
416 2995 464 3072 qui
477 3004 583 3054 certum
595 2999 735 3073 praesepe
745 3001 864 3069 teneret,
884 3019 885 3022 ¹

109 3074 273 3153 lmpransus
287 3094 343 3136 non
355 3078 403 3156 qui
415 3078 506 3137 ciuem
519 3078 701 3156 dignosceret
712 3077 806 3151 hoste,

110 3158 263 3232 Quaelibet
272 3161 300 3219 in
312 3163 440 3239 quemvis
451 3163 604 3240 opprobria
617 3162 723 3237 fingere
738 3177 850 3237 saevus,

107 3242 257 3302 Pernicies
268 3252 296 3303 et
305 3253 459 3322 tempestas
470 3246 685 3323 barathrumque
697 3241 819 3320 macelli,

110 3324 257 3406 Quidquid
267 3329 428 3405 quaesierat
438 3331 526 3388 uentri
543 3328 663 3389 donabat
677 3343 771 3386 avaro.

510 3505 523 3538 s
