2536 3986
193 195 234 262 48
582 195 782 264 canutuuu
963 203 1029 279 [ou.
1045 206 1087 260 ra.
1102 205 1153 282 rs]
1250 146 1255 159 Ι

297 349 449 427 Utrumque
459 366 544 431 ⁸sacro
557 348 639 427 digna
650 350 761 412 silentio

192 438 234 500 30
295 433 430 495 Mirantur
440 433 554 493 umbrae
568 432 678 502 dicere;
694 434 746 494 scd
757 437 847 513 magis

340 515 451 594 Pugnae
467 525 495 576 et
507 513 622 578 exactos
637 527 770 592 tyrannos
793 566 795 570 s

393 600 519 662 Densum
537 601 660 661 humeris
672 602 742 662 bibit
754 621 821 664 aure
832 605 945 682 vulgus.

297 734 372 810 Quid
382 737 490 812 mirum,
506 735 555 796 ubi
573 733 629 795 illis
643 737 810 796 carminibus
824 748 941 818 stupens

294 820 421 880 Demittit
437 827 509 879 atras
522 819 617 880 bellua
632 821 778 900 centiceps

191 906 231 967 35
342 904 446 980 Aures,
464 913 493 963 ct
502 905 598 964 intorti
615 903 725 980 capillis

391 986 576 1054 Eumenidum
586 997 750 1048 recreantur
764 987 893 1068 angues?
947 1029 949 1032 -

292 1112 366 1187 Quin
377 1121 405 1173 et
416 1113 599 1174 Prometheus
612 1123 641 1174 et
650 1113 766 1193 Pelopis
776 1132 879 1193 parens

294 1197 377 1258 Duici
392 1196 518 1258 laborum
528 1198 668 1278 decipitur
683 1217 765 1274 sono,

339 1281 400 1342 Nec
415 1289 492 1342 curat
503 1281 589 1342 Orion
600 1281 700 1344 leones

189 1362 231 1429 40
387 1365 443 1426 Aut
453 1365 565 1426 timidos
576 1369 682 1445 agitare
693 1367 800 1444 lyncas.

182 1655 186 1684 ¹
567 1652 774 1708 OBEXW.
878 1671 888 1686 ²

489 1759 548 1810 AD
578 1759 870 1817 POSTUMUM.
926 1763 931 1770 ”

341 1869 422 1932 Eheu
431 1871 563 1949 fugaces,
574 1870 725 1948 Postume,
739 1871 882 1952 Postume,

338 1953 478 2015 Labuntur
487 1957 562 2033 anni,
574 1973 629 2018 nec
640 1959 732 2034 pietas
743 1971 848 2016 moram

388 2038 479 2117 Regis
494 2049 522 2099 et
533 2041 643 2099 instanti
656 2048 788 2100 senectae

441 2122 550 2182 Afferet
563 2123 770 2202 indomitaeque
786 2125 878 2200 morti,
894 2157 930 2168 -

338 2257 412 2334 Non,
426 2258 449 2318 si
463 2259 597 2333 trecenis,
613 2265 752 2336 quotquot
763 2265 829 2317 eunt
840 2255 913 2334 dies,
1009 2296 1011 2304 a

337 2340 447 2419 Amice,
459 2339 557 2420 places
568 2340 788 2406 illacrimabilem

387 2423 504 2486 Plutona
515 2427 613 2502 tauris,
630 2427 677 2503 qui
688 2435 733 2486 ter
745 2424 865 2503 amplum

440 2508 591 2586 Geryonen
603 2507 763 2588 Tityonque
774 2510 846 2568 tristi

339 2638 504 2723 Compeseit
515 2641 598 2720 unda,
612 2643 723 2703 scilicet
734 2643 873 2720 omnibus,

339 2725 508 2808 Quicunque
519 2737 611 2788 terrae
625 2745 741 2786 munere
752 2727 904 2806 vescimur,

388 2809 579 2890 Enarigandaq
598 2809 756 2887 sireregcs

444 2895 511 2956 Sive
517 2897 623 2973 inopes
635 2895 737 2952 erimus
753 2894 858 2954 coloni.

338 3027 451 3088 Frustra
463 3038 579 3089 cruento
590 3025 679 3088 Marte
691 3027 847 3086 carebimus

340 3109 506 3190 Fractisque
516 3113 594 3172 rauci
605 3109 736 3171 fluctibus
747 3109 879 3188 Hadriae,

194 3203 232 3266 15
391 3193 504 3256 Frustra
516 3211 568 3273 per
581 3204 727 3276 autumnos
738 3202 887 3256 nocentem

221 3289 228 3298 “
445 3277 618 3357 Corporibus
632 3289 788 3340 metuemus
800 3288 937 3340 austrum:
