2556 3990
194 227 235 292 18
308 213 311 221 '
563 233 764 295 onrrumun
973 241 1092 318 [oure.
1105 243 1158 321 ra]

545 417 645 474 ome
664 391 808 488 rhvrn.

445 501 495 554 no
509 503 763 566 ourmcumrum
774 505 915 562 vanum.

256 587 377 664 Nullam,
393 588 478 666 Vere,
498 609 577 652 saera
590 593 649 651 vite
662 593 741 669 prius
752 595 862 652 severis
880 594 1009 654 arborem

159 677 163 688 '
258 670 341 733 Oinoa
351 674 418 732 mite
430 672 522 733 solum
533 674 644 734 Tiburis
658 683 686 734 et
698 678 809 736 moenia
821 675 917 736 Catili:

239 758 244 772 ⁸
258 757 350 819 Siccis
361 759 452 818 omnia
463 777 525 818 nam
538 759 606 818 dura
622 757 692 818 deus
706 762 866 837 proposuit,
883 777 977 840 neque

203 881 206 900 .
257 839 409 918 llordaees
419 840 499 901 aliter
514 841 660 920 diffugiunt
675 842 891 903 sollicitudines.

217 927 236 988 5
257 923 328 998 Quis
341 932 406 1002 post
416 928 480 984 vina
490 945 605 1003 gravem
617 926 741 986 militiam
757 936 804 987 aut
819 926 1120 1006 pauperiemorepat?

257 1007 328 1081 Quis
341 1025 398 1068 non
411 1018 439 1069 te
455 1013 560 1088 potius,
572 1009 685 1070 Baeehe
702 1019 792 1088 pater,
808 1021 906 1090 teque,
922 1012 1027 1072 doeens
1040 1010 1158 1073 Venus?

256 1091 299 1151 Ae
310 1110 346 1151 ne
359 1094 421 1170 quis
432 1094 535 1153 modici
546 1094 682 1154 transiliat
693 1113 809 1156 munera
819 1095 922 1173 biberi,

259 1174 415 1237 Centaurea
426 1188 521 1237 monet
536 1196 598 1237 eum
612 1176 738 1256 Lapithis
749 1181 810 1240 rixa
822 1197 909 1258 super
918 1179 997 1240 mero

255 1258 414 1337 Debellata,
431 1271 527 1322 monet
539 1262 676 1322 Sithoniis
692 1276 749 1322 non
763 1262 836 1324 levis
848 1263 947 1340 Euius,

197 1349 236 1410 10
258 1342 329 1403 Sum
346 1344 389 1404 las
400 1355 485 1424 atque
498 1346 579 1406 nefas
594 1349 698 1423 exiguo
713 1348 767 1406 line
779 1347 924 1407 libidinum

258 1427 429 1488 Discernunt
440 1430 523 1489 avidi.
553 1429 616 1488 Non
632 1447 688 1507 ego
703 1439 743 1506 te,
761 1431 881 1492 candide
888 1430 1038 1508 Bassareu,

257 1510 376 1571 Invitum
391 1515 522 1589 quatiam,
536 1531 591 1572 nee
604 1516 689 1572 variis
701 1513 794 1574 obsita
807 1515 955 1576 frondibus
1081 1565 1085 1574 .

258 1595 316 1655 Sub
332 1595 426 1655 divum
439 1599 553 1674 rapiam.
582 1597 673 1656 Saeva
684 1607 750 1657 tene
766 1617 829 1659 eum
839 1598 1007 1674 berecyntio
1108 1621 1115 1634 ¹

260 1677 353 1739 Cornu
369 1688 511 1758 tympana,
529 1698 601 1758 quae
612 1681 795 1760 subsequitur
806 1701 909 1743 oaeeus
922 1699 1000 1742 amor
1013 1682 1068 1758 sui,

102 1803 104 1810 ›
196 1765 234 1826 15
257 1761 296 1822 tto
308 1761 411 1823 tollens
426 1781 546 1825 uaouum
562 1764 625 1842 plus
636 1766 723 1838 nimio
734 1765 825 1843 gloria
840 1769 985 1842 verticem,

253 1846 413 1925 dreauique
427 1847 497 1907 lides
510 1848 640 1926 prodiga,
655 1848 828 1926 perlucidior
837 1852 922 1911 vitro.

609 2009 754 2020 -σ-ιι--ι-
795 2011 797 2016 ·

570 2118 781 2174 ouum.

496 2201 557 2274 nol
581 2202 856 2256 Gerounion.

199 2307 208 2339 s
317 2275 408 2352 Mater
424 2310 509 2352 saeva
521 2290 690 2372 Cupidinum

367 2374 572 2455 Thebanaeque
584 2379 662 2438 iubet
672 2397 718 2438 me
731 2375 861 2436 Semelae
875 2393 946 2455 puer

318 2457 356 2519 Et
366 2458 473 2520 lasoivu
485 2459 609 2524 Licentia

365 2543 464 2604 Finitis
475 2547 594 2606 animum
604 2545 724 2605 reddere
739 2543 891 2605 amoribus.

309 2679 380 2740 'Urit
393 2696 439 2737 nra
450 2668 589 2754 Glycerae
598 2679 674 2737 nitor
948 2750 950 2758 y

365 2760 546 2839 Splendentis
558 2759 639 2820 Pario
651 2778 789 2821 mannore
802 2765 914 2838 purius;

317 2844 380 2906 Urit
389 2853 468 2923 grata
480 2845 648 2923 protervitas

366 2927 403 2988 Et
417 2929 510 2988 vultus
523 2929 637 2988 nimium
650 2925 775 2986 lubrieus
790 2926 908 3006 adspioi.

319 3061 352 3122 ln
364 3081 410 3121 me
422 3071 481 3123 tota
491 3082 576 3124 ruens
590 3063 686 3123 Venus

349 3144 472 3224 Cyprum
488 3146 622 3224 desemit‚
641 3163 696 3206 noe
714 3147 816 3224 petitur
833 3145 954 3221 Scythas

318 3228 355 3291 Et
365 3231 457 3290 versis
469 3234 624 3292 animosum
636 3231 717 3310 equis

346 3312 591 3412 Parthumldieere
604 3332 659 3375 nee
671 3332 743 3395 quaa
754 3312 822 3375 nihil
834 3313 961 3374 attinent.
