2526 3986
115 203 217 279 [une.
230 199 284 277 ra]
529 155 673 257 nrnnnr.

115 349 209 424 Quem
222 367 272 411 aua
284 347 367 426 culpa
379 355 504 445 premet,
521 346 658 424 deceptus
669 350 768 410 omitte
780 350 866 419 tuerit

113 434 154 496 Ut
165 435 275 513 penitus
286 441 393 501 notum
416 449 440 490 er
451 438 559 492 tentent
569 449 702 507 crnnrna
718 450 815 493 serves

113 517 285 594 'faterisque
298 525 348 576 tuo
362 505 493 574 fidentem
507 514 663 592 praesidio:
683 518 731 593 qui

113 601 209 662 Dente
220 599 366 660 Theonino
383 616 446 660 curn
457 597 685 676 circumditur,
695 599 800 677 ecquid

113 686 160 746 Ad
171 695 200 744 te
213 685 281 763 post
292 681 376 782 paule
387 691 504 742 ventura
516 681 643 760 pericula
654 679 764 745 centini

113 768 188 830 Nam
200 777 248 828 tua
259 785 306 828 rea
317 765 423 843 agitur,
441 767 535 845 paries
547 783 609 828 cum
623 769 767 844 proximus
778 764 865 842 ardet,

112 852 152 914 Et
161 850 295 930 neglecta
307 850 400 910 solent
410 849 539 912 incendia
550 869 661 922 sumere
675 853 761 930 niret

112 929 743 1012 Dulcisinexpertisculturapdrenusamici;
832 979 866 1002 „
918 997 920 1003 A

111 1021 259 1098 Expertus
270 1019 384 1078 metuit.
401 1015 457 1094 Τιι,
475 1017 539 1078 duna
550 1027 597 1080 tua
610 1020 688 1081 navis
699 1021 730 1081 in
738 1018 796 1078 altc
809 1026 864 1096 est,

112 1105 178 1165 Hoc
189 1121 261 1181 age,
276 1120 313 1162 ne
325 1110 429 1162 mnata
439 1110 592 1165 retrorsum
603 1112 631 1163 te
642 1104 716 1164 ferat
724 1120 800 1165 aura.

115 1188 244 1249 Oderunt
254 1185 371 1246 hilarem
380 1187 476 1246 tristes
488 1188 654 1266 tristemque
664 1189 768 1264 iocosi,
821 1195 823 1198 ’

114 1271 251 1333 Sedatuar
266 1269 394 1345 celeres,
408 1267 511 1347 agilem
521 1289 699 1350 gnavumque
710 1272 834 1339 nemean

113 1356 236 1416 Pctcree
248 1353 336 1413 bibuli
348 1353 442 1416 media
450 1353 487 1414 de
499 1362 585 1414 nocte
595 1355 705 1417 Falerni
800 1366 803 1375 '

115 1439 243 1500 Oderunt
255 1446 386 1516 porrecta
398 1447 548 1514 negantem
559 1439 680 1517 pocula,
693 1440 819 1518 quamuis
847 1433 849 1437 ’
886 1501 889 1508 ,

113 1523 297 1586 Nocturnos
288 1540 365 1580 rures
377 1530 405 1581 te
416 1521 566 1582 formidare
583 1529 709 1602 tepores
777 1522 780 1544 ¹
936 1587 941 1598 „

52 1663 62 1672 .
113 1607 207 1669 Dema
223 1605 506 1691 supercilicnnbenr:
521 1606 842 1688 pierumquemcdeetus

115 1691 248 1769 Occupat
258 1683 380 1750 obscum
383 1706 527 1768 speciem
542 1694 694 1754 tacrturnus
705 1690 810 1752 acarbr

113 1774 194 1836 Inter
205 1782 305 1834 cuncta
316 1773 398 1851 leges
411 1781 439 1832 et
450 1775 656 1850 percontabere
667 1774 780 1851 doctos,
857 1823 859 1828 ,

115 1859 181 1933 Qua
192 1860 301 1917 ratione
317 1874 405 1935 queas
420 1856 568 1916 traducere
584 1858 807 1933 lanternarum,

113 1941 190 2004 Num
204 1949 234 2000 te
245 1957 360 2016 semper
370 1941 455 2016 inops
466 1941 554 2016 agitet
564 1950 707 2020 vexetque
719 1941 833 2020 cupide,

113 2025 191 2086 Num
202 2037 292 2100 pavor
302 2030 330 2081 et
341 2040 434 2082 rerum
442 2022 622 2084 mediocriter
633 2024 741 2086 utilium
752 2043 830 2104 spes,

96 2110 255 2168 ‘Virtutem
269 2105 396 2166 doctrina
407 2115 487 2183 paret
497 2116 631 2168 naturane
642 2109 738 2186 donet,

115 2191 194 2267 Quid
205 2192 309 2252 minuat
321 2207 420 2265 curas,
433 2189 503 2267 quid
513 2199 542 2250 te
553 2192 603 2251 tibi
613 2192 716 2254 reddat
723 2194 852 2269 amicum,

115 2274 194 2351 Qurd
205 2291 275 2354 pure
286 2272 463 2352 tranquillet
479 2267 571 2334 honos
583 2293 619 2336 arr
630 2276 713 2337 dulce
723 2275 867 2352 lucellum,

112 2361 161 2420 An
173 2367 315 2420 secretum
326 2359 381 2417 itan
391 2366 420 2416 ct
430 2356 553 2418 fallentis
565 2362 664 2420 semita
675 2361 758 2420 vitae.

116 2442 168 2504 dle
181 2445 294 2522 quoties
305 2441 397 2502 reiicit
408 2440 520 2519 gelidus
534 2442 700 2520 Digentia
677 2461 765 2520 riuus,

115 2527 211 2602 Quem
221 2523 350 2586 Mandela
361 2525 449 2602 bibit,
463 2543 586 2604 rugosus
598 2527 706 2605 frigore
715 2545 816 2604 pagus,
871 2535 874 2542 ⁴
1022 2525 1081 2589 105

115 2610 195 2685 Quid
206 2611 313 2670 sentire
324 2605 428 2688 putaui
450 2608 518 2688 quid
529 2610 638 2687 credit,
651 2606 902 2688 amicerprecerit

99 2733 102 2741 ,
115 2696 160 2755 Sit
171 2695 254 2772 mitri,
269 2692 346 2772 quod
359 2703 503 2771 nancaei,
516 2695 599 2756 etianr
609 2697 716 2772 minue,
729 2694 835 2754 etmihi
846 2695 938 2754 vinam
1027 2741 1031 2754 .

115 2777 202 2852 Quod
214 2786 347 2856 superent
358 2779 439 2854 aeri,
451 2777 476 2838 si
491 2777 558 2856 quid
569 2793 723 2856 superesse
733 2776 830 2838 volunt
841 2776 882 2846 di;

25 2917 31 2928 ,
115 2863 160 2922 Sit
170 2863 246 2923 hona
256 2862 392 2922 itinerum
403 2869 432 2921 et
443 2863 575 2940 provisae
583 2863 678 2940 ‘nugis
689 2865 718 2924 in
729 2878 860 2924 anuum,
1058 2899 1066 2906 -

67 3015 73 3022 ,
116 2945 224 3025 Copia,
235 2964 291 3007 neu
302 2945 409 3006 fluitem
423 2945 525 3010 dubiae
536 2964 589 3024 epe
603 2942 853 3024 pendulushcrae!
1022 2943 1082 3007 110

115 3029 176 3090 Sed
189 3032 258 3092 satit
270 3039 316 3092 ent
327 3045 409 3093 orare
420 3026 535 3107 lovena,
547 3048 620 3109 quae
635 3029 714 3108 ponit
729 3038 758 3088 ct
766 3027 870 3088 aufert:

114 3111 174 3174 Det
183 3113 352 3192 nitam‚'det
364 3129 455 3193 open,
468 3115 637 3195 aequum-nri
647 3115 767 3174 animum
778 3115 841 3190 ipse
854 3110 968 3188 parabc

533 3291 681 3300 ————-—
