2556 3988
174 249 236 311 250
546 247 805 310 crustuminum
988 251 1137 328 [prch

260 371 404 461 Obscurus
416 401 468 468 lio:
483 409 637 460 sectantem
647 399 721 460 levia
737 402 816 460 nervi

6 511 8 560 ι
257 484 400 545 Deficiunt
411 479 565 562 animiqucss
581 485 728 562 professus
740 483 855 562 grandia
865 491 973 560 turget;

6 561 8 666 l
163 637 168 644 .
258 569 353 645 Serpit
366 568 529 665 humi‘tutus
543 569 656 628 nimium
666 567 836 647 timidusque
849 565 1008 644 procellae;

6 667 7 720 l

6 757 7 800 i

6 817 7 875 l

258 653 314 726 Qui
324 654 434 712 variare
450 651 527 729 cupit
538 669 597 710 rem
608 651 801 730 prodigialiter
813 667 904 726 unam,

195 735 236 797 30
256 735 427 813 Delphinum
438 733 517 794 silvis
529 737 674 816 appingit,
692 735 822 795 lluctibus
835 751 946 811 aprum:

87 817 148 914 χ
257 816 691 896 lusitiumducit'culpaeluga,
715 821 739 877 si
753 826 908 900 cunctante.
950 861 952 868 .

256 902 406 963 Aemilium
417 904 493 963 circa
503 901 598 963 ludum
609 902 688 962 faber
698 903 770 962 imus
783 911 811 961 et
822 919 930 978 ungues

256 988 403 1064 Exprimet
413 994 442 1046 et
452 985 554 1046 molles
565 985 717 1045 imitabitur
726 1004 792 1045 aere
804 983 933 1062 capillos,
1003 1040 1009 1056 ,

223 1097 225 1109 ·
258 1070 361 1132 Infelix
372 1072 468 1148 operis
483 1087 607 1146 summu,
624 1071 689 1147 quia
701 1086 809 1147 ponere
819 1077 908 1127 totum

194 1155 237 1216 35
257 1154 389 1215 Nesciet:
406 1153 480 1214 bunc
492 1170 548 1232 ego
559 1171 632 1229 me,
641 1154 665 1212 si
680 1141 749 1233 quid
760 1168 932 1230 componere
944 1167 1050 1228 curem,

259 1238 323 1298 Nou
334 1239 423 1316 magis
435 1255 500 1298 esse
510 1236 613 1313 velim,
631 1255 713 1314 quam
724 1253 794 1295 naso
806 1238 903 1294 vivere
915 1251 1002 1312 pravo

259 1321 448 1400 Spectandum
462 1323 551 1398 nigris
564 1319 654 1379 oculis
665 1318 931 1398 nigroque'capillo.

259 1407 365 1465 Sumite
376 1407 516 1464 materiem
527 1406 641 1480 vestris,
661 1407 709 1482 qui
721 1404 855 1478 scribitis,
872 1419 990 1480 aequam

258 1490 388 1565 Viribus,
406 1497 434 1547 et
445 1497 556 1548 versate
568 1488 631 1564 diu,
649 1488 714 1567 quid
725 1489 802 1548 ferre
816 1494 958 1557 recusent,

54 1591 94 1684 χ
196 1575 238 1640 40
260 1572 334 1646 Quid
345 1572 456 1632 valeant
470 1571 587 1631 humeri.
611 1570 663 1632 (lui
675 1571 749 1632 lecta
767 1579 896 1650 potenter
911 1572 964 1630 erit
973 1587 1033 1648 res,

258 1656 319 1716 Nec
331 1654 459 1716 facundia
471 1654 584 1714 deseret
595 1656 668 1714 bunc
679 1673 732 1715 nec
743 1655 853 1715 lucidus
867 1651 946 1714 ordo.

260 1740 371 1801 Ordinis
382 1739 454 1799 baec
465 1741 553 1798 virtus
566 1740 619 1798 erit
630 1748 659 1799 et
669 1757 777 1815 venus,
798 1748 845 1798 aut
857 1755 912 1816 ego
924 1737 1016 1815 lallor,

258 1823 296 1885 Ut
306 1826 359 1884 iam
369 1841 442 1884 nunc
454 1822 529 1882 dicet
542 1825 596 1883 iem
607 1841 680 1883 nunc
692 1823 822 1884 debentia
836 1822 902 1898 dici,

154 1898 162 1911 “
258 1906 397 1987 Pleraque
408 1907 518 1966 diderat
529 1916 558 1966 et
568 1924 705 1985 praesens
716 1910 744 1968 in
758 1917 869 1985 tempus
881 1907 1001 1974 omittat:

196 1996 236 2061 45
258 1991 321 2062 lloc
331 2000 420 2067 amet,
435 1992 491 2051 boc
503 1999 616 2070 spernat
628 1993 760 2069 promissi
773 1993 901 2051 carminis
916 1999 1025 2050 auctor.

259 2075 290 2137 ln
301 2075 396 2136 verbis
409 2077 492 2135 etiam
502 2078 596 2135 tenuis
609 2083 764 2154 cautusque
776 2075 914 2151 serendis,

257 2159 371 2220 Dixeris
383 2161 516 2236 egregie,
533 2169 628 2219 notum
639 2162 664 2218 si
676 2158 776 2219 callida
790 2159 907 2218 verbum

257 2242 423 2303 Reddiderit
434 2245 559 2303 iunctura
570 2259 683 2302 novum.
707 2243 737 2303 Si
749 2243 823 2303 forte
834 2260 955 2303 necesse
968 2247 1026 2313 est,

257 2324 371 2387 Iudiciis
382 2335 539 2389 monstrare
550 2327 711 2386 recentibus
722 2326 815 2386 abdita
825 2345 934 2386 rerum:

196 2412 237 2476 60
254 2410 377 2489 Fingere
391 2412 521 2471 cinctutis
535 2427 592 2471 non
603 2410 731 2471 exaudita
745 2408 882 2488 Cethegis

258 2492 408 2573 Continget
420 2494 586 2572 dabiturque
597 2494 710 2555 licentia
722 2503 811 2554 sumta
823 2494 971 2574 pudenter,

257 2577 293 2638 llt
303 2594 377 2638 novo
389 2578 509 2656 fictaque
520 2595 611 2656 nuper
620 2579 762 2640 habebunt
772 2579 858 2638 verba
870 2577 968 2654 iidem,
988 2579 1013 2638 si

258 2660 367 2723 Graeco
378 2661 457 2721 fonte
470 2661 571 2723 cedent
582 2679 668 2740 parce
680 2661 798 2722 detorta.
821 2660 896 2736 Quid
907 2671 1001 2721 autem

230 2739 236 2772 ⁷
257 2744 383 2806 Caecilio
394 2744 550 2824 Plautoque
561 2746 636 2806 debit
648 2745 809 2826 Romanus,
828 2745 967 2806 ademtam

196 2831 235 2896 55
256 2830 377 2908 Virgilio
388 2827 552 2908 Varioque?
567 2829 631 2907 Ego
644 2848 708 2905 cur,
724 2830 873 2908 acquirere
885 2845 973 2909 pauco

224 2951 226 2956 -
258 2913 288 2973 Si
299 2931 430 2992 possum,
448 2913 594 2988 invideor,
611 2931 673 2972 oum
684 2911 779 2991 lingua
792 2911 909 2974 Catonis
920 2911 1033 2973 etllnni

256 2998 420 3058 Sermonem
432 2999 550 3074 patrium
561 2997 690 3056 ditaverit
701 3006 812 3057 etnova
826 3015 919 3072 rerum
938 3045 941 3052 s
984 3037 987 3045 ·

256 3080 375 3141 Nomina
387 3079 554 3160 protulerit?
568 3080 658 3141 Licuit
669 3098 838 3160 semperque
850 3081 949 3144 licebit
985 3155 987 3160 ,

257 3165 401 3242 Signatum
410 3174 561 3242 praesente
570 3173 636 3224 nota
646 3163 804 3241 producere
819 3181 932 3226 nomen.

194 3249 236 3312 60
256 3247 294 3308 Ut
305 3247 393 3308 silvae
403 3248 479 3307 loliis
490 3266 597 3326 pronos
607 3256 745 3307 mumntur
755 3249 782 3308 in
794 3265 892 3326 annos,

251 3329 345 3391 'Prima
358 3329 472 3391 cadunt:
487 3335 524 3391 ite
535 3333 685 3394 verborum
695 3340 778 3390 vetus
789 3335 882 3393 interit
893 3341 981 3408 aetas,
