2556 3990
117 265 183 339 [oo.
196 261 249 338 lt]

532 255 641 319 omna
655 237 678 319 1.

484 439 585 496 ΜΕ
601 441 721 498 xm.

436 555 483 607 AD
502 557 758 613 TYNDARIDEM.

161 740 165 747 .
269 679 362 740 Velox
373 695 521 738 amoenum
532 694 621 756 saepe
635 675 805 736 Lucretilem

270 763 358 824 llutat
370 761 483 838 chaeo
496 758 606 820 Faunus
621 769 650 822 et
661 762 771 838 igneam

320 845 456 906 Defendit
467 853 602 904 aestatem
614 842 733 928 cppellis

308 961 311 967 ,
358 928 456 1008 Usque
468 928 539 986 meis
554 925 725 1006 pluviosque
735 935 848 994 ventos.

273 1063 391 1142 Impune
401 1069 489 1121 tutum
501 1077 553 1139 per
563 1079 660 1120 nemus
672 1060 787 1120 arbutos

272 1147 415 1222 Quaerunt
426 1144 547 1204 latentes
558 1152 586 1204 et
594 1143 688 1220 thyma
699 1141 798 1204 deviae

322 1230 433 1290 Olentis
449 1245 555 1288 uxores
565 1230 666 1304 mariti,
848 1289 854 1299 ,

270 1318 273 1324 ’
355 1317 358 1322 ’
377 1313 440 1373 Nec
454 1310 559 1372 virides
570 1319 696 1371 metuunt
712 1309 857 1370 colubras

272 1447 334 1508 Noc
347 1445 488 1508 Martiales
502 1445 648 1509 Haediliae
659 1444 757 1522 lupos,

271 1531 421 1610 Utcunque
433 1530 519 1606 dulci,
532 1527 664 1606 Tyndari,
680 1528 773 1590 fistula

145 1585 149 1596 Ι
210 1607 214 1625 ’
320 1613 417 1674 Valles
429 1623 459 1674 et
472 1613 588 1674 Usticae
605 1613 732 1675 cubantis

376 1697 463 1758 Levia
475 1714 650 1775 personuere
663 1715 739 1758 sexa.

272 1831 308 1892 ot
324 1851 369 1892 me
380 1841 505 1908 tuentur,
518 1829 560 1890 dis
574 1831 665 1908 pietas
680 1849 742 1890 mea

246 1927 248 1934 '
273 1914 309 1974 Et
320 1914 401 1976 Musa
413 1913 492 1975 cordi
505 1924 563 1974 est:
586 1914 651 1973 hinc
663 1915 714 1973 tibi
729 1915 812 1990 eopia

324 1997 448 2060 Manebit
462 1996 621 2077 adplenum
636 1997 760 2074 benigno

385 2082 470 2141 lluris
481 2082 620 2146 honorum
630 2079 764 2158 opulenta
779 2096 876 2141 cornu.

271 2207 324 2268 llic
339 2208 366 2266 ln
375 2205 491 2265 reducta
503 2203 576 2264 valle
589 2203 739 2264 Caniculae

272 2289 380 2350 Vitabis
398 2297 504 2364 aestus,
522 2297 550 2347 et
564 2287 619 2348 lide
633 2287 702 2348 Teia

322 2373 410 2448 Dices
424 2371 584 2432 laborantes
600 2373 628 2431 in
643 2388 699 2430 nno

343 2537 345 2546 y
374 2453 537 2532 Penelopen
547 2455 721 2532 vitreamque
734 2451 852 2522 Circem

271 2581 325 2642 llio
340 2583 500 2642 innocentis
513 2579 615 2666 pocula
624 2574 721 2639 Lesbii

272 2665 369 2726 Duces
382 2665 434 2726 sub
447 2665 553 2741 umbra,
572 2681 626 2724 uec
641 2659 800 2722 Semeleius

326 2749 397 2810 Cum
413 2749 503 2810 Marto
516 2746 668 2808 confundet
678 2746 829 2822 Thyoneus

376 2831 496 2910 Proelia,
511 2850 564 2894 nec
575 2840 684 2892 metues
698 2838 858 2908 protervum

273 2957 413 3036 Suspecta
428 2955 541 3034 Operm,
560 2975 597 3016 ne
607 2955 681 3016 male
699 2953 804 3033 dispari

274 3038 485 3101 incontinentes
500 3043 606 3100 inliciat
616 3057 712 3100 manus

219 3167 223 3176 ,
325 3123 361 3184 Et
375 3125 485 3184 scindat
495 3125 656 3184 haerentem
670 3139 802 3182 coronam

378 3207 508 3268 Omnibus
523 3209 746 3285 immeritamque
756 3213 872 3264 vestem.

526 3383 685 3394 ..m-

176 3416 332 3460 EORA'llUS.
