2556 3990
223 195 273 244 xx
413 159 421 180 ²
612 189 822 239 conessum.

1267 291 1268 326 i

223 355 326 410 Eadem
341 353 546 424 significatione
562 357 711 424 usurpatur
735 353 851 407 formula
870 364 1020 408 recurrere
1034 353 1073 410 ud
1086 355 1209 428 aliquem.
1267 341 1268 350 ¹

222 438 285 495 Vid.
304 437 389 494 Tacit.
409 437 444 494 de
462 435 537 492 Orat.
550 435 660 506 Diatog.
681 436 736 493 c.9
759 437 853 507 ibique
870 433 970 491 Osann.
992 437 1100 494 Terent.
1114 440 1210 497 Heaut.

222 523 354 580 eroum.
373 522 410 578 ci.
427 522 537 576 Terent.
554 519 640 575 Andr.
660 519 688 588 1,
702 525 729 588 5,
747 525 788 578 16.
804 548 846 560 -
868 519 1032 590 Bentleiust
1052 524 1099 594 qui
1114 525 1212 581 scribit

215 606 294 661 'redit
309 607 339 662 in
357 604 461 676 foetos,
486 605 521 660 ad
542 601 734 673 'stabiliendam
756 621 833 658 suam
859 603 1023 675 scripturam
1045 607 1112 662 citat
1133 609 1211 664 locos

223 687 290 764 (Οά.
307 689 335 760 l,
351 694 384 760 2,
401 691 444 746 45.
461 688 513 759 lt,
531 693 564 756 2,
580 692 623 746 39.
640 687 719 758 Virg.
736 689 837 758 Georg.
855 692 888 756 3,
906 692 967 746 316.
985 689 1055 744 Aen.
1074 696 1119 764 12,
1133 689 1210 766 424),

222 775 287 846 qui,
304 773 370 830 huic
385 775 449 830 ioco
466 773 576 828 minime
593 767 807 840 convenientes,
822 772 890 827 nihil
908 774 1033 842 probant.
1079 774 1101 828 E
1117 777 1211 850 novjs-
1267 765 1268 836 i

223 857 300 914 simis
307 858 466 913 editoribus
481 873 585 911 mecum
600 855 685 910 sentit
697 855 907 912 Stallbaum.-
918 855 986 912 ibid.
1000 874 1041 912 vs.
1054 861 1090 916 90
1101 874 1117 912 a
1129 861 1210 914 Bent-

221 941 271 996 teii
289 941 450 998 coniectura
467 941 559 998 Graiis
576 940 727 996 Stallbaum
750 947 777 994 et
791 939 876 1010 Pauly
893 933 1054 1011 ediderunt,
1077 941 1167 1015 Haupt
1184 951 1211 999 et
1267 989 1268 996 .

223 1025 351 1080 Meineke
367 1031 445 1082 recte
461 1025 585 1081 Graecis.
624 1023 687 1078 Vid.
708 1023 742 1079 ad
763 1041 803 1080 vs.
821 1027 856 1082 28
869 1023 953 1078 huius
968 1025 1055 1096 Epist.
1071 1055 1114 1066 -
1138 1027 1208 1083 Ihid.
1267 1019 1268 1052 ³

221 1110 507 1166 vs.109auct0ritate
526 1108 692 1180 optimorum
707 1108 841 1163 librorum
859 1107 993 1164 adductus
1005 1111 1116 1166 servavi
1126 1114 1213 1182 pueri
1267 1121 1268 1162 ι

215 1199 370 1264 patresque
390 1197 488 1251 seueri.
530 1191 584 1258 Qut
608 1198 673 1262 post
695 1191 848 1247 Bentleium
870 1189 917 1246 ‘ut
932 1193 1044 1248 suavius
1066 1199 1093 1249 et
1114 1197 1211 1250 modu·
1267 1187 1268 1238 1

220 1273 322 1334 iatius'
337 1281 474 1350 puerique
491 1283 643 1348 patresque
663 1280 845 1348 receperunt,
868 1276 896 1330 in
916 1285 1066 1350 putresque
1086 1265 1211 1350 αὔξησιν

221 1377 285 1416 esse
299 1377 388 1434 paene
403 1361 608 1429 necessariam,
622 1375 702 1430 uuae
724 1359 864 1431 duplicata
888 1360 1025 1431 particula
1040 1375 1092 1432 quc
1109 1379 1210 1419 evane-

207 1445 284 1515 ¹scit,
299 1462 354 1502 non
370 1446 631 1502 animadverterunt.
649 1471 693 1484 -
706 1443 776 1499 lbid.
789 1460 830 1498 vs.
845 1447 895 1520 181
911 1445 1077 1516 scripturam
1090 1447 1210 1502 omnium

219 1527 353 1584 librorum
373 1531 470 1600 equitis
491 1527 620 1585 tuendam
635 1527 741 1584 censui.
785 1528 903 1582 Bentleii
924 1529 1111 1586 coniecturam
1132 1534 1212 1602 equiti

215 1603 332 1683 ¹practer
351 1611 512 1668 Oberiinum
527 1617 555 1666 et
570 1611 685 1666 Zeltinm
703 1611 846 1682 amplexus
863 1616 906 1666 est
920 1611 1057 1668 Meincke.
1075 1643 1118 1654 -
1139 1615 1209 1670 lbid.

220 1711 262 1750 vs.
281 1699 332 1754 198
346 1695 448 1752 retinui
466 1695 585 1752 omnium
601 1695 661 1750 iere
676 1695 811 1776 librorum
833 1695 998 1768 scripturum
1012 1698 1108 1768 mimo,
1132 1715 1211 1770 quam

221 1779 302 1835 etiam
318 1784 398 1834 vetus
416 1785 614 1850 commentator
629 1777 743 1850 cruquii
759 1779 931 1855 tuetunralii
948 1795 1008 1848 cum
1020 1781 1144 1838 Blandin.
1162 1799 1211 1840 an-

220 1863 377 1933 tiquissimo
398 1865 550 1935 paucisque
572 1862 636 1919 aliis
658 1863 739 1918 codd.
756 1863 846 1917 nenio.
861 1893 904 1904 -
925 1864 1012 1936 Epist.
1030 1865 1071 1935 11,
1094 1871 1112 1924 2
1133 1873 1210 1922 recte

219 1961 325 2002 mecum
336 1947 493 2004 iudicarunt
505 1946 594 2016 Orelli
608 1951 636 2002 et
648 1945 882 2015 Stalibaum‚inde
897 1965 912 2003 a
926 1964 1010 2002 versu
1024 1950 1122 2007 ltiDec
1131 1967 1211 2006 num-

218 2045 277 2086 mos
292 2037 345 2086 cto.
362 2031 489 2103 incipere
503 2019 648 2088 ἀπόδοσιν
660 2047 705 2087 vv.
716 2035 741 2085 2.
755 2035 786 2088 3:
810 2030 842 2086 St
853 2030 916 2102 'quis
927 2060 971 2072 -
984 2037 1073 2088 tecum
1084 2036 1125 2089 sic
1138 2043 1211 2106 aput,

219 2115 259 2170 ita
284 2121 314 2170 ut
336 2115 392 2171 sint
413 2111 499 2172 verba
516 2116 624 2172 Horatii
639 2115 813 2193 aditorum,
841 2133 913 2185 non,
939 2121 969 2170 ut
983 2117 1030 2172 alii
1052 2118 1210 2189 opinantur,

220 2199 365 2270 mangonis
387 2200 423 2256 nd
445 2207 605 2272 emptorem.
621 2229 665 2242 —-
684 2199 756 2255 lhid.
782 2217 823 2256 vs.
843 2205 876 2258 21
898 2215 958 2254 cum
978 2199 1060 2256 codd.
1082 2203 1208 2258 Blandin.

166 2279 170 2298 ³
220 2283 339 2355 aliisquo
355 2284 466 2355 optimis
483 2284 655 2342 retinendum
670 2283 792 2340 indicavi
807 2285 922 2347 rediret,
945 2286 1111 2354 pracsertim
1129 2303 1211 2357 quum

220 2367 301 2423 ctiam
322 2385 358 2423 ex
379 2385 438 2439 seq.
457 2367 588 2435 Quereris
600 2372 695 2426 vs.'24
715 2373 863 2440 appareat,
886 2369 921 2423 de
941 2367 1048 2425 Horatii
1071 2385 1211 2442 responso

218 2451 321 2508 trustra
344 2458 507 2524 exspectato
535 2453 582 2508 hic
610 2453 665 2523 agi.
708 2451 800 2524 Haupt
821 2458 849 2507 et
869 2450 1012 2507 Meineke:
1041 2455 1153 2508 veniret.
1169 2483 1213 2494 -

218 2533 289 2589 ibid.
305 2552 347 2593 vs.
364 2539 400 2594 44
410 2552 522 2607 possem
538 2538 661 2593 firmatur
677 2536 842 2592 anctoritate
859 2537 1027 2608 optimorum
1039 2538 1138 2602 codd.;
1154 2540 1211 2594 vet-

219 2617 271 2671 lem
289 2633 304 2672 c
320 2618 402 2675 codd.
420 2620 559 2676 'forr-eutii
577 2621 696 2691 aliisque
710 2619 809 2691 paucis
825 2626 889 2692 post
905 2619 1112 2690 Cuuingamium
1129 2621 1212 2677 rece-

219 2708 320 2773 perunt
341 2701 427 2760 Orelli
453 2710 481 2759 et
501 2704 596 2772 Pauly.
618 2703 750 2772 7-1bid.
777 2720 817 2758 vs.
835 2707 871 2762 89
894 2719 966 2758 nunc
988 2721 1048 2758 oum
1064 2705 1211 2777 plerisque

220 2785 297 2844 editt.
321 2793 435 2858 propter
456 2805 556 2844 versus
585 2803 729 2844 caesuram
754 2787 868 2843 distinxi
895 2788 1211 2860 postilli3't1eineke:

220 2868 269 2924 Gr.
286 2873 318 2924 ot
330 2868 375 2924 hic
386 2871 527 2944 illisum,
548 2871 611 2928 huic
624 2877 656 2926 ut
667 2870 708 2926 M.
725 2874 743 2926 i.
760 2899 802 2912 -·-
828 2871 897 2927 ibid.
915 2889 957 2927 vs.
976 2874 1027 2928 128
1044 2872 1072 2926 in
1089 2873 1158 2928 edit.
1175 2873 1210 2926 V.

217 2953 300 3027 posui
311 2961 438 3025 punctum
449 2972 501 3028 pro
512 2956 704 3028 interrogandi
717 2957 799 3027 signo
809 2961 874 3027 post
884 2957 1013 3026 riupi.—-
1023 2955 1092 3011 lbid.
1105 2973 1148 3012 vs.
1159 2958 1212 3015 171

218 3053 271 3110 pro
287 3037 426 3109 scriptura
441 3041 573 3096 librorum
588 3041 692 3112 resupit
708 3041 726 3095 i.
740 3058 764 3095 e.
782 3056 892 3111 semper
906 3039 1013 3110 refugit
1027 3044 1108 3110 atquc
1125 3041 1212 3098 etium

219 3137 292 3177 nunc
305 3122 413 3192 refugit
428 3108 601 3198 (ἀορίστως,
617 3131 648 3180 ut
665 3125 752 3196 Epist.
769 3125 791 3193 1,
808 3129 850 3202 19,
866 3119 915 3196 48)
929 3123 948 3178 i.
967 3139 991 3178 e.
1007 3123 1156 3195 prohibet,
1175 3142 1212 3180 no
1267 3153 1268 3188 r

219 3205 311 3276 iurgia
332 3205 405 3260 inter
426 3207 536 3266 vicinos
558 3209 692 3280 oriantur,
706 3237 750 3250 -
771 3208 897 3263 Meineke
912 3207 1056 3279 refrinptt,
1078 3207 1211 3264 Horkelii

220 3289 416 3360 coniecturam,
433 3290 462 3344 in
474 3297 631 3348 contextum
646 3293 761 3364 recepit.
770 3321 812 3334 -
823 3291 892 3348 lbid.
905 3308 947 3348 vs.
961 3291 1127 3350 secretiori
1145 3292 1209 3364 qui-

220 3372 281 3429 dem
295 3376 466 3451 scripturam*
476 3376 653 3448 plurimorum
669 3377 748 3434 codd.
762 3375 916 3448 Paupertes
931 3377 1071 3432 immundo
1085 3376 1209 3437 domus
