2536 3986
580 214 780 279 oraminum
910 195 915 208 “

580 367 806 425 ”Em

500 473 558 528 IN
597 475 883 534 BACCHUM.

355 636 496 698 bacchum
510 637 539 697 in
548 637 665 698 remotis
681 639 802 698 carmina
814 639 933 716 rupibus
1036 681 1039 690 »

354 719 418 782 Vidi
434 721 583 782 docentem
594 752 605 765 ·
617 719 737 797 credite,
757 725 876 800 posteri,
891 755 902 768 ·

396 803 598 886 Nymphasque
610 803 754 864 discentes
766 813 795 864 et
805 823 888 867 aures

456 886 646 967 Capripedum
657 887 820 964 Satyromm
834 897 941 950 acutas.

101 1051 109 1058 “
206 1041 224 1104 5
352 1039 444 1118 Enoc,
463 1042 570 1100 recenti
580 1058 661 1100 mens
670 1039 791 1117 trepidat
802 1049 888 1118 metu,

352 1123 497 1204 Plenoque
507 1123 612 1184 Bacchi
623 1131 743 1203 pectore
753 1123 893 1185 turbidum

404 1207 547 1269 Laetatur!
567 1206 659 1284 Eros,
672 1224 758 1286 parce
768 1205 862 1284 Liber,

353 1347 355 1352 .
451 1291 550 1369 Parce,
568 1293 648 1370 gravi
659 1290 811 1352 metuende
821 1290 936 1368 thyrso!

329 1443 332 1449 ’
352 1444 408 1505 Fas
417 1447 584 1524 pervicaces
598 1453 643 1504 est
653 1445 719 1505 mihi
730 1442 870 1520 Thyiadas

207 1531 244 1593 10
351 1527 472 1608 Virique
482 1527 590 1588 iontem
604 1527 686 1588 lactis
698 1537 727 1586 et
739 1528 842 1587 uberes

245 1622 247 1630 ’
394 1609 513 1672 Cantare
527 1611 616 1689 rivos,
628 1620 714 1690 atque
727 1612 834 1672 truncis
927 1638 931 1648 ¹

453 1693 545 1773 Lapsa
556 1697 635 1756 caris
645 1697 748 1756 iterare
760 1694 859 1762 mella;

286 1918 289 1926 ¹
349 1845 405 1908 Fas
417 1853 446 1905 et
458 1846 559 1906 beatae
571 1849 700 1927 coniugis
712 1847 834 1908 additum

350 1927 447 1990 Stellio
458 1930 604 2008 honorem,
616 1940 748 2010 tectaque
759 1928 875 1991 Penthei

201 2015 240 2077 15
310 2017 316 2024 “
399 2012 527 2074 Disiecta
536 2032 592 2074 non
607 2013 665 2076 deni
677 2018 767 2092 ruina,

453 2095 569 2158 Thracis
581 2109 610 2159 et
621 2101 735 2159 exitium
746 2096 878 2174 Lycurgi.

347 2246 389 2308 'l'u
402 2248 495 2311 doctis
508 2267 615 2326 amnes,
627 2259 744 2312 tumere
758 2249 916 2324 barbarum,

347 2330 389 2392 'l'n
400 2335 539 2411 separatis
551 2333 652 2394 uvidus
664 2335 779 2412 iringis

397 2415 482 2477 Nodo
495 2423 616 2478 coerces
633 2419 763 2496 viperino

199 2501 239 2563 20
451 2499 626 2561 Bistonidum
642 2503 704 2562 sine
716 2498 815 2576 frande
833 2499 937 2559 crines.

346 2649 399 2728 Tu,
416 2669 479 2710 oum
490 2653 614 2729 parentis
624 2671 714 2731 regna
725 2669 778 2731 per
789 2649 905 2711 arduum

346 2733 458 2795 Cohors
470 2733 616 2812 Gigantum
628 2735 777 2797 scanderet
786 2735 882 2812 impin,

394 2819 536 2879 Rhoetum
549 2821 690 2879 retorsisti
704 2819 798 2880 leonis

447 2902 594 2980 Unguibus
606 2903 790 2982 horribilique
804 2901 892 2969 multu

195 3051 235 3114 25
341 3051 506 3132 Quanquam
517 3055 631 3116 choreis
644 3055 738 3133 aptior
751 3064 780 3114 et
796 3056 871 3115 iocis

342 3134 479 3215 hudoque
496 3137 598 3216 dictus,
610 3156 667 3200 non
677 3148 722 3198 sat
735 3137 857 3200 idonens

395 3219 510 3298 Pugnae
521 3222 670 3298 ferebaris,
687 3221 739 3282 sed
755 3220 831 3282 idem

447 3301 528 3364 Pacis
542 3324 606 3367 erus
620 3304 789 3385 mediusque
800 3305 879 3366 belli.
