2526 3986
144 213 261 282 ‘soc
456 263 460 278 ,
587 213 804 276 sarrnanuu
1000 217 1169 293 [smne]
1256 179 1257 186 ‘

279 369 353 432 Ner.
360 368 443 429 Unde
453 367 519 427 milri
531 364 673 448 lapidem?
684 365 764 428 Deo.
772 365 914 438 Quorsum
925 376 971 426 est
982 363 1078 444 opus?
1090 364 1123 426 tt
1159 408 1168 426 .

704 449 784 510 Unde
797 447 933 527 sagittas?

278 534 358 597 Dee.
377 535 433 595 Aut
460 536 562 595 insanit
582 533 667 594 homo
684 542 731 593 aut
748 551 848 595 versus
871 534 948 594 iacit.
981 532 1055 594 Her.
1076 531 1169 593 Ocius
1257 521 1258 548 ³

729 618 794 677 hinc
808 626 837 677 te
914 665 916 668 .

38 723 42 744 ¹
165 718 168 723 ·
279 701 315 761 Ni
326 705 419 780 rapis,
433 701 555 762 accedes
567 717 655 780 opera
666 718 735 779 agro
747 718 820 760 nona
832 699 950 761 Sabino!

519 1097 706 1154 §nullan
724 1095 830 1151 vm.
863 1091 865 1096 ’

275 1206 381 1271 Norat.
393 1207 431 1269 Ut
442 1206 587 1268 Nasidieni
600 1209 669 1268 iuvit
683 1215 712 1268 te
725 1224 814 1267 coena
827 1203 923 1266 beati?
983 1211 986 1262 1
1035 1205 1054 1274 -ζ

275 1289 346 1351 Nam
355 1290 422 1351 mihi
434 1293 580 1370 quaerenti
593 1293 739 1352 convivam
755 1290 846 1350 dictus
858 1289 926 1350 here
939 1289 998 1350 illie

221 1439 226 1445 ,
274 1375 319 1434 De
334 1374 428 1435 medio
448 1383 546 1453 potare
563 1374 619 1436 dle.
642 1373 785 1436 Fundam.
802 1373 868 1451 Sic,
887 1383 916 1434 ut
926 1375 993 1434 milri
1004 1393 1149 1455 nunquam

274 1456 373 1518 Invita
384 1458 590 1519 lueritmelius.
612 1458 685 1522 Hor.
697 1456 761 1530 Dic,
772 1460 797 1518 si
811 1476 899 1536 grave
909 1474 967 1517 non
979 1467 1033 1535 est,

234 1543 252 1603 5
276 1542 356 1616 Quae
368 1545 456 1620 prima
470 1544 569 1602 iratum
580 1551 706 1602 uentrem
718 1544 873 1620 placaverit
887 1559 964 1602 esca.

274 1624 373 1688 Nund.
389 1624 422 1685 In
433 1627 529 1706 primis
539 1625 668 1686 Lucanus
680 1644 764 1704 aper:
778 1626 835 1686 leni
851 1626 903 1686 fuit
916 1626 1020 1686 Austro

276 1707 400 1789 Captus,
413 1719 443 1769 ut
454 1710 547 1772 aiebat
558 1727 666 1770 coenae
678 1720 771 1788 pater;
783 1712 858 1770 acria
870 1712 975 1770 circum

275 1793 400 1871 llapula,
416 1793 554 1870 lectsrcae,
567 1793 689 1870 radices,
702 1795 796 1873 qualia
806 1794 912 1854 lassum

275 1875 436 1937 Pervellunt
449 1879 640 1954 stomachum,
653 1881 738 1954 siser,
750 1877 849 1954 lralec,
866 1876 976 1938 faecula
988 1876 1058 1938 Coa.

213 1965 253 2026 10
274 1959 325 2020 His
337 1961 385 2020 ubi
396 1960 514 2021 sublatis
526 1977 598 2040 puer
611 1962 667 2022 alte
680 1963 789 2022 cinctus
804 1979 933 2023 acernam

276 2042 407 2123 Gausapa
419 2063 563 2123 purpureo
574 2063 698 2107 mensem
710 2047 859 2124 pertersit,
877 2055 906 2106 et
922 2045 993 2106 alter

275 2128 406 2208 Sublegit
418 2129 608 2208 quodcunque
622 2132 730 2210 iaceret
740 2129 838 2190 inutile
849 2128 984 2209 quodque

273 2210 376 2274 Posset
393 2222 546 2278 coenantes
558 2213 719 2283 offendere;
733 2223 763 2274 ut
774 2214 867 2275 Attica
879 2215 962 2291 virgo

156 2349 159 2352 .
238 2319 243 2326 ¹
275 2293 346 2356 Cum
357 2299 446 2357 sacris
460 2295 574 2357 Generis
588 2297 719 2375 procedit
734 2297 831 2358 luscus
843 2296 1002 2374 Hydaspes,

212 2382 251 2444 15
274 2377 407 2440 Caecuba
418 2382 483 2441 vina
494 2380 599 2458 lerens,
612 2381 704 2441 Alcon
715 2379 815 2442 Glriurn
826 2384 910 2442 maris
922 2398 1036 2458 expers.

274 2462 327 2524 llic
338 2465 436 2524 herus:
448 2464 620 2542 „Albanum
633 2465 795 2542 Maecenas,
809 2467 870 2526 sive
881 2464 1030 2526 Falernum

274 2546 339 2624 „Te
350 2550 439 2626 magis
450 2551 589 2626 appositis
601 2549 737 2609 delectat:
749 2550 884 2610 hebemus
896 2552 1081 2626 utrumque.“

215 2666 218 2677 =
272 2630 478 2693 Nom‘llivitias
489 2633 622 2694 miseras!
637 2633 695 2694 Sed
706 2635 770 2712 quis
782 2634 966 2694 coenantibus
978 2650 1043 2708 una,
1149 2629 1152 2634 ’

272 2714 415 2792 Fundani,
428 2716 546 2794 pulchre
561 2716 646 2778 luerit
657 2717 724 2794 tibi,
741 2735 828 2778 nosse
841 2717 951 2778 laboro.

212 2802 252 2865 20
273 2798 373 2861 Fano.
398 2801 527 2860 Summus
546 2817 602 2880 ego
626 2809 654 2860 et
676 2818 767 2879 prope
784 2820 830 2862 me
850 2801 953 2861 Viscus
971 2799 1112 2862 Thurinus
1130 2809 1161 2861 et

693 2885 773 2962 inira,

273 2968 304 3027 Si
315 2968 441 3045 memini,
455 2968 572 3044 Varius,
587 2986 651 3028 cunr
662 2969 784 3030 Servilio
796 2969 945 3030 Balatrone

271 3050 416 3128 Vibidius,
432 3069 505 3131 quos
519 3050 671 3112 Maecenas
682 3052 836 3114 adduxerat
846 3053 968 3112 umbras.

272 3133 462 3196 Nomentanus
474 3145 533 3196 erat
548 3151 634 3214 super
644 3138 752 3214 ipsum,
769 3137 887 3198 Porcius
898 3135 979 3212 inire,

271 3195 417 3278 Nidiculus
429 3229 503 3279 totas
514 3219 595 3282 simul
610 3219 765 3282 ahsorbere
778 3221 933 3299 placentes.

211 3303 248 3364 25
271 3298 462 3364 Nomentanus
474 3302 509 3363 ad
523 3303 594 3380 lrcc,
609 3306 674 3383 qui,
695 3306 720 3364 si
735 3305 802 3383 qnid
815 3305 890 3365 ferte
900 3302 1012 3380 lateret,
