2556 3990
424 227 454 286 Q.
479 227 624 275 nondun
643 225 778 276 FLACGI.
1030 190 1113 275 12111*

109 405 142 444 eo
159 393 234 455 erat,
249 392 279 441 ut
295 387 360 456 quid
375 386 413 442 sit
428 403 521 443 verum
536 402 568 442 ac
583 383 701 455 deceris,
718 393 829 442 curaret
837 389 871 442 'et
883 364 1011 456 roboret,
1027 403 1092 443 suae

107 473 195 543 ipsius
217 471 323 526 devita
341 477 422 541 atque
438 471 577 526 literarum
593 470 691 525 studiis
708 471 854 542 opiniones
871 475 898 524 et
913 470 1015 525 iudicia
1032 485 1092 526 cum

107 554 288 626 popularibus
307 555 365 608 suis
380 553 567 632 communicat
606 549 705 608 Errant
719 559 808 610 autern
823 553 859 623 ii,
874 553 921 624 qui
937 555 971 608 ab
984 571 1017 610 ea
1032 561 1092 610 tarr-

107 645 162 692 tum
178 654 277 693 caussa
294 637 365 692 inter
381 636 520 708 Epistulas
535 642 563 692 et
577 637 684 693 Satires
699 637 804 708 aliquid
820 637 987 694 discriminis
1005 654 1091 708 agno—

108 727 202 790 scunt,
221 721 296 791 quod
309 715 468 792 Epistolae,
489 721 598 776 seriora
611 723 710 791 po'e'tae
726 726 817 777 aetate
833 720 1020 792 compositae,
1041 721 1091 776 ari-

106 822 157 860 nus
179 821 244 860 acre
266 803 406 874 ingenium
428 804 561 874 spirent„
579 819 658 874 quarn
677 804 803 868 Satirae;
834 803 991 860 accuratius
1019 804 1091 860 enim

106 895 250 958 utrumque
266 903 354 957 genus
374 887 566 958 inspicientem
581 886 708 958 prolecto
723 901 778 942 aon
796 888 902 958 lugiet,
925 901 980 942 non
1002 887 1090 942 solum

107 971 276 1040 argumenti,
300 971 350 1026 sed
372 971 453 1027 etiarn
474 970 579 1026 iorruae
603 976 630 1024 et
655 970 789 1026 orationis
814 978 843 1025 et
862 970 950 1042 ipsius
972 971 1091 1042 denique

79 1055 82 1060 “
105 1054 186 1110 metri
203 1053 386 1111 diiierentiarrr
401 1071 464 1110 osse
481 1069 535 1119 non
553 1055 650 1108 levem.
695 1049 747 1108 ‘tu
763 1054 833 1108 enim
849 1053 978 1110 Horatius
994 1055 1022 1108 irr
1038 1054 1090 1130 ὃιιΤ

105 1138 168 1193 tiris
184 1137 309 1194 homiues
325 1133 408 1193 multo
427 1137 562 1209 perfricat
576 1138 651 1206 sale,
675 1149 824 1208 eorumque
846 1138 988 1194 stultitiam
1008 1137 1090 1193 hilari

106 1228 134 1276 et
148 1221 240 1276 laceto
254 1221 318 1276 ioco
334 1221 452 1290 deridet,
471 1221 509 1276 ita
523 1221 553 1276 in
563 1219 695 1292 Epistolis
707 1220 1089 1292 philosophiquodammodo,

106 1305 257 1374 etquidem
277 1305 374 1360 urbani
395 1305 579 1376 partesagit,
601 1305 640 1359 ita
656 1310 744 1360 taraorr
764 1309 793 1358 ut
808 1305 933 1375 pluribus
953 1305 1024 1361 locis
1040 1305 1089 1360 nri-

15 1405 20 1446 :
106 1389 179 1443 nimo
195 1388 268 1444 absit
282 1388 330 1443 illa
346 1389 448 1444 satirae
462 1388 506 1444 vis
523 1388 557 1443 ad
574 1387 711 1444 homiuum
727 1381 818 1445 mores
836 1387 938 1444 leviter
953 1389 1089 1458 perstrin—

104 1471 213 1540 gendos
229 1467 348 1527 Horatio
367 1472 445 1542 quasi
467 1471 587 1527 innata'.
637 1471 785 1528 Praeterea
811 1472 929 1527 omnium
950 1469 1089 1542 Epistola-

104 1569 163 1609 rum
187 1555 327 1625 proprium
349 1561 407 1624 est,
432 1562 462 1610 ut
483 1555 559 1624 eius,
586 1555 630 1610 cui
651 1555 802 1626 inscriptae
826 1561 905 1622 suat,
930 1571 981 1625 per
1005 1561 1090 1609 totum

78 1645 79 1648 ’
103 1653 213 1692 carmen
231 1638 381 1708 singularis
397 1638 530 1694 habeatur·
546 1639 636 1708 ratio,
659 1655 719 1695 cum
736 1633 836 1694 Satiris
852 1643 946 1694 contra
965 1644 1012 1694 aut
1029 1639 1089 1693 nul-

103 1721 157 1778 lius
183 1737 282 1777 nornen
310 1721 471 1797 inscriptum
501 1723 673 1794 reperiatur,
705 1728 752 1779 aut
775 1722 961 1778 dedicationis
988 1728 1089 1778 tantum

103 1817 202 1860 caussa
219 1805 286 1860 insit
308 1821 445 1876 personae
468 1807 608 1862 cuiusdam
630 1805 798 1877 appellatio,
825 1806 903 1861 cuius
927 1807 1088 1876 ceteroquin

102 1888 176 1944 nulla
197 1888 350 1961 peculiaris
372 1889 400 1944 in
418 1891 572 1960 argumenti
591 1891 755 1946 tractatione
778 1891 850 1946 ratio
871 1889 909 1946 sit
926 1889 1035 1955 habita,
1061 1889 1090 1944 id

103 1972 177 2041 quod
193 1978 270 2027 recte
286 1977 396 2028 monent
409 1973 601 2043 llorgenstern
617 1975 645 2029 in
662 1975 776 2042 libello,
792 1989 873 2044 quem
888 1988 971 2044 supra
986 1988 1088 2027 merno-

101 2055 179 2123 ravi,
195 2060 223 2109 ct
237 2055 390 2125 llirclrner,
413 2057 458 2126 qui
474 2057 492 2110 l.
511 2073 534 2111 c.
551 2073 577 2128 p.
594 2056 644 2111 Vll
661 2063 789 2112 accurato
807 2057 922 2128 exponit
936 2055 1045 2112 Satiree
1061 2060 1089 2110 et

103 2137 248 2208 Epistolae
262 2138 356 2195 llorat.
376 2139 533 2196 discrimen.

186 2221 260 2278 libri
276 2223 391 2278 secundi
405 2222 531 2294 Epistola
547 2223 644 2292 tertia,
668 2234 737 2294 quae
761 2240 815 2279 non
836 2223 869 2278 ab
885 2222 1017 2290 Horatio,
1038 2222 1089 2277 sed

101 2311 166 2376 post
180 2305 376 2370 Quintilianum
392 2304 495 2380 (lastit
512 2323 554 2363 or.
571 2307 643 2376 Vlll,
658 2314 685 2375 3,
700 2312 734 2365 60
747 2313 776 2362 et
790 2306 877 2378 Epist.
893 2306 928 2361 ad
941 2306 1042 2376 Tryph.
1056 2301 1088 2378 2)
1135 2315 1139 2330 ⁸

102 2389 257 2459 argumenti
272 2389 379 2446 ratione
395 2391 488 2448 habita
506 2394 521 2447 a
541 2391 728 2462 grammaticls
751 2397 778 2444 et
798 2389 953 2449 editoribus
970 2389 1030 2444 iere
1045 2390 1088 2445 irr-

101 2473 233 2528 scribitur
249 2473 284 2528 de
304 2479 364 2528 crte
381 2473 487 2544 publica
504 2475 572 2530 tiber
586 2475 625 2529 ad
637 2474 764 2541 Pr'soncs,
786 2474 831 2529 vel
855 2473 1019 2544 simpliciter
1038 2489 1088 2528 ors

95 2558 220 2626 polliaco,
236 2573 340 2612 ruarmo
355 2557 415 2614 iure
431 2558 580 2630 Epistolis,
596 2575 709 2630 quarum
721 2557 842 2613 indolem
856 2563 884 2612 et
897 2557 1011 2613 lorraam
1025 2558 1087 2612 ubi-

101 2656 154 2710 que
169 2655 237 2712 prae
252 2656 284 2696 se
298 2641 367 2710 lert,
392 2642 592 2700 adnumeranda
607 2649 658 2698 est.
704 2641 825 2708 Quodsi
843 2640 897 2696 viri
913 2641 987 2696 docti
1004 2659 1086 2713 repu-

100 2729 222 2792 tassent,
236 2724 310 2780 lraud
326 2725 436 2794 dubito,
454 2727 518 2796 quin
533 2727 661 2802 permulti
678 2743 732 2780 non
748 2725 783 2780 ad
796 2731 1006 2796 pravam‘atquc
1022 2742 1086 2798 per-

99 2823 208 2862 versam
224 2807 481 2879 interpretationem
493 2811 577 2868 delati
590 2811 700 2866 fuerint.
734 2807 800 2863 Nam
816 2809 863 2864 alii
875 2809 1017 2864 Horatium
1033 2810 1086 2864 boo

99 2889 126 2944 in
143 2889 265 2945 carmine
281 2898 429 2963 praecepta
446 2894 480 2949 de
497 2899 555 2949 arte
571 2895 681 2964 poetica
698 2893 764 2949 dare
781 2892 921 2963 voluisse,
944 2893 995 2948 sed
1010 2893 1085 2948 nullo

99 2973 197 3028 ordine
214 2980 326 3030 servato
347 2981 433 3032 arten
449 2977 511 3032 sine
528 2983 586 3034 arte
602 2977 752 3034 tradidisse
773 2977 953 3040 contendunt;
977 2976 1024 3031 alii
1040 2993 1086 3032 ar-

99 3061 151 3111 tem
168 3057 306 3128 poeticam
328 3059 453 3116 omnibus
475 3061 594 3119 numeris
611 3066 823 3116 consummatum
839 3060 1014 3128 condidisse,
1037 3059 1085 3115 alii
1193 3071 1198 3080 ¹

15 3185 16 3190 ι
99 3140 133 3195 ad
150 3141 239 3196 malos
258 3146 355 3212 po'etas
378 3144 556 3214 castigandos
576 3144 813 3216 exagitandosquc
827 3146 881 3204 hoo
897 3159 1007 3200 carmen
1023 3139 1084 3215 (saa

99 3220 222 3298 tiricum)
238 3226 429 3297 composuisse
444 3233 547 3299 putant.
593 3228 668 3295 Quos
685 3243 778 3283 omnes
794 3227 941 3295 refellere,
957 3232 987 3280 ut
1001 3226 1084 3281 lacil'e

98 3313 154 3376 est,
177 3309 216 3364 ita
240 3325 294 3379 nou
309 3311 496 3366 necessarium
512 3313 629 3369 videtur.
674 3312 777 3368 Dumne
793 3311 1005 3378 obliviscamur,
1028 3310 1084 3364 llo-

97 3391 195 3446 ratium
207 3408 259 3463 per
270 3394 409 3463 epistolem
421 3394 528 3450 Pisonis
544 3395 654 3451 liliuma
668 3396 833 3451 carminibus
845 3395 936 3465 iisque
952 3393 1084 3463 scenicis,

78 3472 124 3540 ,in
141 3475 242 3545 quibus
258 3481 313 3532 tum
329 3479 403 3534 docti
421 3478 581 3549 indoctique
598 3478 794 3550 elaborabant,
813 3477 967 3550 pangendis
983 3477 1084 3533 delror·
