2556 3990
500 160 709 276 eunomio.
891 261 894 272 .
998 231 999 234 ,
1058 192 1096 238 xi

116 369 130 408 e
151 356 279 422 quattuor
293 350 413 407 Lambini
435 349 578 406 codicibus
600 352 670 407 male
692 351 844 423 scripserat
865 355 1032 406 ont-ant.
1053 378 1096 392 —

114 435 181 492 lbid.
197 451 238 490 νε.
251 439 288 493 18
302 435 403 506 scripsi
424 432 533 504 quidem
543 432 671 504 Perfidus
691 434 735 493 liic
753 451 859 508 caupo,
885 435 935 490 sed
956 435 1094 504 hodieque

114 519 203 574 locum
215 518 409 589 depravatum,
432 522 460 572 et
471 534 491 571 -e
509 517 652 574 codicibus
663 519 751 587 Feae,
767 520 814 590 qui
834 535 931 590 campo
952 518 1094 587 exhibent,

115 602 263 658 sanandum
281 602 410 657 arbitror.
448 601 615 670 Videantur,
632 603 748 672 quaeda
766 605 820 658 lnoc
837 603 901 658 loco
913 601 1051 673 disputavi
1065 601 1095 657 in

114 686 286 742 Bibliotheca
304 685 402 742 critica
414 689 489 744 1830.
511 685 585 740 Toni.
599 684 633 738 ll.
652 685 701 740 No.
715 691 749 744 81
761 693 789 741 et
799 691 841 744 81.
861 702 924 758 pag.
937 680 1091 743 313-315.
1124 717 1125 724 .

113 797 155 810 -
168 768 237 824 lbid.
251 785 292 824 νε.
304 771 340 825 38
354 768 456 832 retinui
465 770 589 837 sopiens,
605 769 679 838 quod
695 771 859 840 optimorum
873 770 956 826 libbr.
973 770 1094 824 auetori-

12 919 15 932 ⁸
114 859 168 908 tate
181 852 380 907 firmatum-ianr
392 851 421 909 in
433 851 498 907 edit.
507 851 540 906 V.
554 851 649 922 recepi
660 867 710 922 pro
716 850 878 923 potiens,'ut
889 870 930 910 νε.
943 857 978 912 50
992 853 1095 920 tenneli,

115 936 298 1008 adstipulante
317 935 487 1003 llircbnero,
509 936 694 1008 protocteto,
723 937 796 1006 quod
813 937 923 992 admisit
941 936 1034 1005 Pauly.
1054 964 1113 979 --

114 1020 182 1074 lbid.
202 1023 253 1076 108
273 1025 337 1091 post
352 1019 432 1074 redeo
449 1016 586 1096 elcodice
608 1018 732 1074 Blandin.
756 1021 900 1091 antiquiss.
923 1022 970 1090 qui
990 1019 1096 1076 inserui
1119 1041 1134 1074 a

114 1119 174 1158 cum
185 1101 314 1174 llauptio,
331 1099 482 1170 lleinelsio',
498 1101 595 1157 Stallb.
614 1101 832 1172 5111101νί0.-
849 1103 906 1159 Sat.
919 1107 1007 1172 1,13;
1023 1105 1096 1160 hunc

114 1202 239 1255 versum,
256 1202 335 1256 quem
351 1191 502 1259 praeeunte
514 1185 660 1241 Sanadono
672 1185 762 1258 Haupt
775 1193 805 1241 ut
816 1185 937 1260 spurium
956 1187 1035 1242 uncis
1053 1187 1096 1242 in-

114 1269 211 1337 clusit,
228 1269 356 1326 lleineke
374 1269 402 1324 in
424 1270 573 1339 marginem
588 1269 746 1339 relegavit,
767 1270 936 1326 llircbnerus
957 1271 1028 1325 bene
1046 1271 1096 1326 dc-

114 1353 209 1409 lendit.
224 1381 268 1393 -
289 1353 358 1408 lbid.
373 1369 414 1408 νε.
427 1357 463 1411 38
475 1353 631 1408 dubitanter
648 1353 749 1408 retinui
767 1353 958 1425 moechor—pro
969 1353 1095 1421 crocotis,
1185 1384 1188 1402 .

114 1437 187 1508 quod
199 1436 310 1508 optimis
328 1436 407 1492 codd.
422 1436 568 1494 stabilitur.
581 1463 624 1476 -
646 1437 716 1491 lbid.
729 1454 774 1493 νν.
789 1443 823 1496 45
836 1444 864 1492 ct
873 1441 908 1496 46
925 1453 985 1491 oum
996 1437 1096 1492 llireh-

112 1534 182 1575 nero
194 1520 295 1593 scripsi
305 1521 414 1576 cnidon
426 1549 468 1558 —-
478 1519 652 1575 Demeterent
663 1519 745 1592 ferro
759 1538 811 1593 pro
822 1521 931 1594 quidum
945 1549 987 1559 -
996 1520 1096 1598 Deme·

112 1609 181 1658 teret
192 1603 284 1675 ferro.
296 1633 339 1646 —
363 1604 433 1660 lbid.
449 1621 490 1660 νε.
503 1607 537 1661 81
549 1610 661 1658 secutus
673 1604 867 1662 blandinianos
888 1605 968 1661 codd.
984 1611 1012 1660 et
1024 1605 1095 1662 alios

110 1688 201 1742 bonos
212 1687 328 1742 retinui:
350 1687 392 1743 Sit
401 1686 521 1742 licetlroo
534 1686 659 1743 Cerintho
671 1695 744 1742 tunm
758 1705 808 1760 pro
822 1705 872 1758 eo,
896 1688 969 1760 quod
986 1689 1033 1744 alii
1046 1691 1095 1744 ba-

86 1791 92 1804 ·
111 1772 194 1840 bont,
219 1770 386 1828 boc—tno.
403 1799 446 1812 -
464 1768 533 1826 lbid.
555 1787 596 1825 νε.
613 1777 665 1829 110
689 1788 724 1826 ex
745 1773 908 1828 auctoritate
931 1773 1095 1844 optimorum

112 1854 193 1910 codd.
205 1855 307 1926 scripsi
324 1857 381 1910 tolli
395 1855 533 1927 propelli.
551 1881 594 1897 -
616 1847 673 1910 sat.
686 1857 719 1924 3,
738 1858 754 1912 7
773 1862 896 1927 postea,
915 1873 985 1927 quae
996 1857 1095 1912 llirob-

111 1953 195 2006 uenus
212 1938 247 1993 de
258 1939 312 1994 boe
324 1939 388 1995 loco
400 1938 566 2010 disputavit,
583 1937 633 1993 ‘Io
644 1938 772 2013 Buccbe’
790 1940 920 1994 intactum
930 1940 1040 2010 reliqui.
1054 1966 1097 1981 -

41 2090 45 2095 ,
111 2021 181 2076 lbid.
194 2038 236 2076 vs.
246 2025 281 2079 38
291 2029 356 2094 post
366 2027 589 2093 praevertemur,
606 2028 634 2076 et
645 2039 686 2076 νε.
699 2027 734 2080 40
745 2030 809 2094 post
819 2023 947 2094 Hopnoe,
959 2039 1096 2094 praecun-

112 2104 186 2159 tibus
197 2105 351 2188 llirclinero
364 2111 392 2161 et
403 2105 585 2162 Stallbaunnio
597 2105 678 2175 posui
691 2107 782 2162 colon.
794 2135 837 2148 -—
850 2107 920 2162 lbid.
935 2122 977 2161 νε.
990 2110 1023 2164 57
1036 2122 1095 2162 oum
1178 2132 1182 2141 =

113 2187 211 2242 codice
222 2189 346 2244 Blandin.
364 2188 555 2260 antiquissimo
568 2188 595 2242 in
608 2187 673 2243 edit.
682 2189 716 2244 V.
729 2191 810 2261 posui
823 2192 867 2245 ille
878 2206 931 2263 pro
942 2189 987 2257 illi,
1005 2205 1096 2259 neque

112 2272 249 2329 sententio
266 2273 364 2329 mutari
383 2277 494 2344 pqterat
510 2272 562 2342 iis,
590 2287 659 2342 quae
678 2279 774 2330 contra
793 2278 937 2331 moverunt
949 2271 1047 2327 Stallb.
1068 2278 1096 2326 et

112 2354 257 2409 llircbner.
270 2382 312 2398 -·-
322 2356 391 2412 lbid.
405 2372 446 2411 νε.
460 2360 495 2414 53
507 2353 632 2423 licenter,
651 2357 724 2426 quod
739 2357 891 2414 Praedicov
906 2355 1027 2411 coniecit
1043 2371 1094 2427 pro

110 2437 232 2505 libenter,
244 2440 325 2494 valde
337 2440 437 2512 placet.
446 2466 489 2481 -··
498 2439 567 2495 lbid.
581 2456 622 2494 νε.
636 2445 669 2500 65
681 2457 741 2495 cunr
753 2441 907 2496 llirobnero
919 2444 948 2494 et
956 2438 1094 2495 blcinekio

112 2521 227 2577 distinxi
249 2525 343 2594 qnocts
359 2538 498 2580 emmone:
526 2522 701 2579 ‘molestaret'
716 2529 753 2578 ‘et
770 2542 814 2579 νν.
840 2525 962 2582 11-71
978 2524 1093 2590 inclinet,

110 2608 204 2660 amori
226 2605 258 2660 Si
271 2607 352 2662 nolet.-
380 2607 434 2662 boc
450 2609 507 2678 lepe
524 2635 567 2647 -
582 2608 676 2686 eedenp
697 2607 855 2679 interpunxi
872 2621 938 2678 pro:
970 2607 1080 2662 inclinet
1086 2627 1095 2668 ,·

110 2691 204 2743 amori
224 2688 256 2744 Si
267 2691 336 2745 volet
345 2689 405 2753 boo
417 2693 488 2763 leqe,
511 2693 540 2746 in
553 2696 616 2746 trut.
628 2719 671 2732 -
691 2691 760 2746 lbid.
775 2708 818 2746 νν.
840 2694 889 2748 131
901 2696 929 2746 et
944 2690 1094 2748 133111151-

110 2773 305 2844 punctionem,
333 2775 376 2830 ed.
399 2776 432 2831 V.
458 2781 597 2848 receptam
621 2775 783 2832 servandam
807 2774 910 2829 censui.
956 2773 1094 2843 bleinelnc,

110 2871 192 2926 quem
202 2856 288 2926 Pauly
300 2865 411 2915 secutus
426 2864 482 2927 est,
499 2859 639 2915 distinxit:
662 2865 702 2914 est
712 2857 810 2930 opifex
824 2859 908 2922 sotus,
926 2860 967 2914 sie
977 2871 1041 2912 rem.
1052 2883 1095 2894 -

111 2938 168 2995 Sat.
183 2942 210 3009 4,
223 2946 257 2998 15
269 2944 329 2996 cunr
339 2941 454 3012 Paulyio
466 2942 610 2998 retinenda
627 2943 771 2998 videbatur
784 2941 921 3013 scriptura
937 2941 965 2996 in
980 2941 1046 2997 edit.
1058 2940 1092 2995 V.

109 3029 224 3095 recepta
243 3041 257 3079 a
275 3026 478 3098 recentioribus
492 3027 551 3081 lore
568 3027 693 3082 omuibus
711 3026 834 3084 damnata
850 3027 930 3096 elipe,
951 3041 1031 3095 quarn
1044 3039 1094 3078 ex-

109 3106 188 3161 hibet
200 3106 313 3178 cruquii
328 3110 390 3165 cod.
403 3109 526 3188 Blendin.
545 3117 657 3180 quartus
673 3125 732 3166 curn
743 3111 825 3165 Tons.
841 3110 913 3166 Basl.
926 3108 993 3164 Nan.
1006 3113 1034 3162 et
1044 3107 1093 3161 Di-

109 3205 171 3245 vae.
206 3191 383 3263 Martiniique
401 3194 480 3261 cod,
501 3192 626 3248 0berlini
642 3192 757 3263 Argent.
779 3193 812 3248 Α.
826 3195 855 3248 B.
874 3193 923 3263 D.,
944 3189 1093 3246 Kirebneri

109 3273 183 3344 lips.
198 3281 223 3330 1.
236 3279 262 3331 1.
274 3278 299 3331 3.
316 3277 399 3331 Dorv.
415 3283 439 3334 1.
452 3282 477 3333 1.
492 3277 607 3343 Dessav.
623 3282 645 3331 1.
660 3280 685 3333 3.
703 3277 801 3334 Dresd.
816 3282 841 3333 1.
855 3281 880 3334 3.
892 3280 917 3332 4.
942 3275 1014 3330 llon.
1028 3281 1052 3332 1.
1065 3279 1090 3330 1.

110 3357 135 3411 3.
148 3360 173 3412 4.
188 3363 213 3416 5.
230 3359 291 3413 nas.
307 3365 332 3417 3.
352 3358 465 3432 Guelpb.
479 3367 503 3416 1.
518 3359 638 3430 Gotting.
655 3367 677 3416 l.
689 3365 714 3418 1.
731 3361 796 3416 Μεε.
809 3360 898 3416 bamb.
912 3359 939 3430 l,
951 3359 1014 3414 duo.
1027 3363 1052 3416 1.
1066 3361 1091 3415 3.
