2526 3986
174 217 238 284 212
520 173 780 280 nnsromnuu
994 219 1150 296 [nmen

259 373 354 436 Mutus
365 382 395 434 et
409 405 419 417 ·
435 365 594 450 indignum,
608 369 685 450 quod
696 373 733 431 sit
744 369 891 450 peioribus
901 379 980 430 ortus
994 401 1005 416 ·

259 457 313 518 iiic
323 457 374 518 tibi
386 459 422 516 sit
433 459 527 535 potius
538 474 620 535 quum
631 465 661 515 tu
673 454 808 516 mirabilis
819 454 870 514 illi.

261 540 405 619 Quidquid
419 541 556 601 subterra
572 548 633 615 est,
653 542 681 598 in
693 541 818 618 apricum
830 537 957 616 proferet
966 547 1060 608 uetas3

180 623 237 690 '25
258 623 395 685 Doiodiet
406 624 565 704 condetque
576 625 701 684 nitentia.
730 621 992 684 conuenenotnn

259 707 388 768 Porticus
401 709 547 787 Agrippae
558 695 642 767 ervia
653 716 682 767 te
697 709 881 785 conspexerit
892 707 979 786 Appi,

169 857 171 866 ,
260 791 307 852 dre
318 802 409 854 temon
423 801 525 869 restet,
545 790 635 852 Numa
647 807 704 870 quo
716 792 830 852 devenit
841 799 870 850 ot
884 789 990 850 Ancus.

260 877 374 938 Siiutus
389 876 897 950 eutrenosmorbotentanturacuto,
982 912 984 924 =

262 959 375 1034 Quaere
390 961 486 1039 iugum
496 961 597 1022 morbi.
622 959 674 1020 Vis
684 967 764 1020 recte
775 960 873 1018 risere
884 989 895 1002 ·
907 961 971 1036 quis
987 957 1068 1020 noni
1080 981 1107 1021 ·:
1124 977 1126 984 ’

197 1045 239 1108 80
260 1045 291 1104 Si
302 1046 391 1106 virtus
402 1045 458 1106 hoo
468 1062 524 1106 unu
541 1053 636 1124 potest
647 1044 729 1120 dure,
750 1043 957 1103 fortisomissis

259 1127 323 1189 Hoc
334 1147 389 1208 age
398 1129 521 1190 deliciis.
555 1128 693 1188 Virtutem
707 1127 795 1188 verbs
810 1135 891 1205 putus
902 1135 933 1186 ut

260 1211 365 1273 Lucum
378 1212 469 1291 ligno:
486 1230 556 1273 euve
570 1231 606 1292 ne
619 1221 717 1290 portus
729 1219 852 1290 occupet
865 1210 946 1286 alter,

259 1294 303 1356 Ne
315 1295 490 1373 Cibyratica,
507 1316 544 1356 ne
555 1296 674 1372 Bithyna
685 1298 799 1374 negotia
813 1293 929 1373 perdas;

259 1379 338 1440 Mille
350 1380 454 1442 talentu
468 1381 664 1457 rotundcntur,
679 1379 796 1440 totidem
808 1378 909 1454 uitem,
925 1394 1011 1455 porro
1024 1388 1063 1445 cti

197 1461 237 1526 85
260 1461 354 1525 Tertia
364 1465 532 1541 succedant,
550 1473 579 1528 ot
590 1483 662 1544 quac
675 1481 740 1542 pnrs
754 1461 872 1542 quadret
884 1478 1025 1524 aceruum,

261 1548 379 1609 Scilicet
389 1565 504 1610 uxorem
517 1566 579 1608 cum
595 1549 662 1609 dote
673 1547 814 1627 iidemque
826 1555 855 1606 st
867 1547 974 1605 emices

259 1629 297 1691 Et
310 1650 402 1710 genus
414 1641 443 1693 et
453 1632 569 1692 formum
580 1635 676 1710 regius
691 1631 812 1692 Pecunia
823 1629 917 1706 donet,

258 1714 302 1774 Ao
311 1716 385 1777 bene
393 1725 563 1778 nummatum
574 1715 689 1776 decorat
700 1715 821 1776 Suadela
835 1714 1000 1792 Venusque.

259 1797 407 1878 Mancipiis
418 1799 549 1878 locuples
561 1810 628 1878 eget
639 1802 713 1860 aeris
725 1798 926 1878 Cappadocum
937 1815 1001 1857 rex:

198 1883 239 1947 io
260 1882 461 1944 Neiuerishic
473 1893 512 1944 tu.
534 1883 704 1961 chlamydes
715 1882 863 1960 Lucullus,
877 1890 907 1942 ut
917 1882 1003 1958 aiunt,

181 2003 183 2013 ι
261 1967 291 2027 Si
305 1975 405 2046 posset
419 1977 530 2030 centum
545 1985 649 2030 scenae
661 1968 800 2047 praebere
810 1975 937 2045 rogatus,

261 2050 342 2129 „Qui
362 2069 478 2130 possum
497 2051 584 2113 toti“
602 2055 657 2122 eit;
677 2061 793 2130 „tumen
808 2061 837 2112 et
857 2066 1002 2195 cuperem,
1027 2059 1057 2110 et
1076 2059 1147 2130 quot

829 2136 941 2197 habeo

134 2213 139 2228 '
259 2215 428 2294 „diittum;“
443 2229 509 2299 post
523 2220 608 2299 poulo
620 2223 733 2299 scribit,
747 2221 800 2282 sibi
815 2219 900 2280 millio
914 2219 1039 2296 quinque

259 2301 334 2364 Esse
343 2303 417 2364 domi
429 2303 620 2381 chlamydum,
633 2315 738 2384 purtem
749 2305 796 2365 rei
810 2303 924 2364 tolleret
938 2316 1048 2362 omnes.

199 2385 238 2452 45
259 2384 350 2447 Exilis
364 2387 463 2450 domus
475 2397 534 2465 cst,
553 2389 599 2448 ubi
611 2407 667 2450 non
683 2398 712 2451 et
724 2387 810 2449 multu
820 2394 972 2466 supersunt

258 2469 296 2530 Et
310 2471 449 2532 dominum
461 2472 561 2532 fallunt
570 2482 599 2532 ot
609 2483 727 2552 prosunt
738 2473 857 2534 iuribus.
875 2469 954 2547 Ergo

260 2554 291 2614 si
305 2573 352 2616 res
364 2556 425 2616 solu
436 2565 533 2635 potest
543 2557 639 2618 iecere
654 2567 682 2618 et
695 2557 944 2630 serrambestum,

260 2636 324 2698 Hoc
335 2641 441 2718 primus
452 2649 567 2718 repetas
579 2657 669 2720 opus,
686 2643 742 2704 hoc
752 2649 913 2720 postremus
924 2638 1046 2698 omittes.
1100 2657 1106 2680 ν

261 2721 290 2781 Si
305 2721 474 2785 fortunatum
486 2727 603 2803 species
616 2735 644 2786 et
653 2727 743 2806 gretie
754 2731 889 2804 praestet,

198 2809 239 2871 50
258 2803 418 2868 Meroemur
428 2826 556 2886 servum,
571 2811 618 2888 qui
633 2811 719 2871 dictet
729 2811 856 2884 nominc,
870 2807 981 2867 lucrum

261 2888 318 2963 Qui
329 2891 437 2952 fodicet
451 2890 523 2954 letus
536 2901 565 2954 et
577 2903 660 2971 cogat
671 2901 746 2956 trans
761 2893 887 2972 pondere
898 2890 1023 2951 dextrum

260 2973 419 3054 Porrigers.
443 2975 520 3054 „Hic
531 2976 646 3038 multum
657 2981 685 3038 in
696 2977 782 3040 Fabiu
791 2976 883 3052 valet,
896 2973 945 3034 ilie
959 2973 1076 3040 telina:

260 3057 338 3136 „Cui
349 3059 419 3121 libet
429 3059 476 3122 iric
485 3060 580 3122 fasces
591 3061 684 3139 dubit,
704 3064 863 3142 eripietque
874 3058 972 3120 curule

262 3140 340 3217 „Gui
351 3143 429 3203 volet
441 3145 615 3223 importunus
631 3146 735 3207 chur.“
756 3140 1082 3222 permanendum

198 3229 238 3290 dd
261 3223 298 3285 Ut
310 3228 413 3305 cuique
425 3236 469 3290 est
479 3238 573 3306 setus,
591 3231 628 3290 its
640 3247 781 3310 quemque
792 3229 902 3290 facetus
913 3225 1026 3305 adopts.
1097 3251 1099 3258 ·

261 3309 290 3368 Si
302 3310 375 3372 bens
386 3312 435 3389 qui
447 3323 547 3374 coenet
557 3313 630 3374 bene
641 3317 724 3374 vivit:
742 3313 834 3392 lucet,
847 3328 944 3374 eamus
