2556 3990
185 203 260 258 XXX
482 201 543 252 DE
553 199 635 249 utos
656 198 701 246 ΕΤ
724 197 876 246 scelests

186 368 273 424 risum
288 365 429 430 moueret,
451 361 519 429 sed,
535 359 634 418 Lucilii
651 326 806 432 exemplum
817 365 954 431 secatus,
961 368 1002 420 ut'
1016 364 1174 434 aequalium

186 450 311 510 mribus
325 445 504 516 corrigendis
523 445 681 505 inserviret
726 445 792 501 itam
815 447 853 502 ita
870 447 977 502 demum
998 439 1174 520 reipublicae

186 550 272 608 posse
292 531 401 591 consoli
419 541 587 601 musaeum
596 530 734 599 hahebat,
761 531 794 586 si
802 531 884 586 cives
896 531 1007 603 priseos
1023 533 1058 589 ad
1079 538 1173 589 mores

185 621 393 676 revocarentur.

246 701 319 758 His
342 698 471 770 poeticae
499 698 610 754 uirtutis
632 715 700 754 snae
721 697 931 770 primitiis-ff
951 713 1063 769 quaram
1083 700 1173 772 prima
1266 721 1267 756 t

185 787 298 844 uidetur
318 783 482 842 6666661166
502 782 568 838 lihri
586 782 676 854 primi
682 782 822 854 septima,
838 799 895 853 qua
912 783 995 855 paulo
1012 791 1078 855 post
1096 787 1173 843 redi-

109 913 111 920 >
185 878 242 928 tum
262 867 513 940 inpatientes.
536 882 559 922 e.
578 869 629 924 713
645 866 738 938 lepide
754 873 862 936 mrrat,
884 869 1022 938 quomodo
1042 868 1173 942 611661-
1266 901 1267 904 =

161 945 165 958 '
185 956 239 1010 lios
251 954 310 1010 lieu
325 969 387 1010 6666
396 951 490 1008 Persio
503 951 623 1021 quodni
635 950 808 1006 Glauomenis
819 967 912 1006 corum
923 952 958 1008 u.
970 953 1071 1022 Bruto,
1084 954 1172 1010 Asiae

185 1043 384 1112 propraetore,
406 1035 541 1092 66666166
562 1034 743 1092 contentione
759 1034 895 1105 litigatio,
918 1053 999 1107 quana
1018 1053 1090 1093 anno
1107 1044 1173 1110 post
1266 1027 1267 1074 1

185 1127 283 1178 secata
305 1125 348 1178 est
368 1119 437 1176 libri
459 1119 540 1190 prirni
565 1119 653 1175 satira
675 1119 815 1187 secunda,
838 1135 891 1189 qna
913 1120 1055 1191 complura
1081 1122 1172 1176 licim-

185 1222 248 1261 nnm
265 1220 387 1276 gauere,
409 1203 455 1274 qui
473 1203 602 1260 luxuriae
622 1203 841 1274 libidinilinsqne
863 1205 985 1260 immersi
1009 1211 1059 1260 aut
1077 1206 1172 1262 sordi-

184 1291 239 1346 bus
258 1295 288 1345 et
307 1295 385 1344 reste
414 1287 555 1348 obscoena
574 1287 689 1355 notandi
715 1287 805 1342 ‘dum‘
820 1287 909 1344 vitant
932 1288 1010 1343 stulti
1029 1288 1114 1359 vitia,
1141 1291 1172 1346 in

185 1373 324 1430 contraria
343 1372 474 1428 euertntt'
490 1367 547 1445 (us.
565 1367 631 1446 tl),
653 1387 755 1429 summa
777 1389 844 1428 usus
865 1372 978 1429 11666166
1002 1373 1122 1443 castigat
1143 1379 1172 1429 et

185 1459 324 1529 exagitat,
347 1473 393 1498 ³-
415 1455 459 1510 his
481 1456 567 1525 igitur
590 1455 721 1527 primitiis
744 1462 779 1512 nt
803 1457 964 1526 multorom,
994 1458 1040 1528 qui
1065 1457 1170 1528 petitos

183 1559 247 1598 sese
263 1541 436 1607 sentiebant,
452 1539 585 1594 invidiam
601 1541 753 1608 etodium,
768 1539 807 1596 ita
822 1539 1103 1612 aliorumeornraqoe
1119 1558 1170 1614 op-

171 1627 328 1692 timorum,
345 1624 444 1694 quibus
458 1623 603 1678 exanimo
617 1625 787 1695 scripserat,
802 1625 1034 1680 existimationem
1049 1631 1079 1681 et
1093 1643 1170 1683 arno-

182 1709 310 1764 nonsibi
327 1706 497 1763 conciliauit.
542 1705 643 1764 Eorum
658 1707 738 1778 primi
755 1709 868 1764 inerunt
878 1709 907 1763 L.
918 1709 1019 1764 Varius
1036 1710 1170 1780 etVirgi-

181 1793 253 1862 litu,
278 1797 379 1863 poetae
399 1797 457 1846 ton
474 1790 505 1845 in
523 1792 592 1846 urlue
613 1791 772 1862 principes,
795 1791 1027 1864 Caesarianisque
1043 1794 1169 1866 partibus

182 1875 300 1948 accepti«.
345 1874 398 1940 oui
419 1875 630 1930 curn-eximium
650 1875 759 1932 Horatii
783 1876 924 1946 ingenium
944 1878 1169 1950 perspexissent,

183 1961 212 2016 O.
237 1960 328 2016 Gilnio
350 1959 521 2028 Maecenati,
548 1960 694 2016 61666666
723 1961 796 2031 apud
817 1959 964 2017 Gaesarem
990 1960 1169 2020 Octavianum

182 2047 326 2116 gratioso,
359 2050 415 2098 tom
434 2049 577 2114 poetarum
600 2044 799 2115 doctorumque
824 2045 961 2108 honinem
988 2052 1106 2118 patrono
1124 2043 1169 2103 'ao

183 2128 284 2185 tentori
302 2128 456 2196 ditissimo,
476 2143 539 2182 soon
553 2129 792 2198 commendarant,
816 2130 893 2200 quod
904 2131 965 2202 ipse
980 2133 1061 2200 grato
1078 2130 1169 2188 animo

182 2218 278 2270 narrat
288 2219 370 2284 potita
390 2212 447 2268 tiae
463 2212 485 2281 l,
498 2215 526 2280 6,
542 2219 580 2270 52
592 2229 669 2284 seqq.
714 2213 765 2268 Ille
780 2229 849 2268 vero
872 2211 1054 2284 ‘praesertim
1071 2221 1169 2274 666166

183 2297 283 2368 dignos
299 2296 457 2353 assanere'
482 2292 565 2370 (ibid.
588 2311 628 2353 vs.
649 2303 693 2354 61.
712 2298 747 2353 ci.
765 2297 822 2353 Sat.
839 2297 866 2366 l,
884 2301 916 2365 9,
933 2293 999 2371 44),
1022 2297 1169 2370 ‘turpique

151 2423 155 2430 .
182 2397 333 2438 secernens
358 2380 519 2436 honesturn'
546 2377 629 2454 (itio.
652 2398 694 2436 us.
717 2377 781 2455 63),
804 2396 879 2436 nono
898 2382 1004 2452 demum
1024 2389 1091 2454 post
1110 2383 1169 2454 pri-

182 2482 252 2520 murn
267 2482 448 2536 congressum
469 2463 667 2540 mense-(ibid.
684 2483 725 2521 ss.
748 2461 800 2538 61)
820 2480 879 2519 eum
901 2472 1016 2522 revocat
1036 2467 1169 2539 iubetque

183 2565 247 2604 esse
272 2549 301 2602 in
321 2549 470 2606 amicornm
490 2565 613 2604 numero.
659 2549 817 2620 Quodque
839 2550 1027 2606 annotantem
1050 2549 1105 2619 sit,
1134 2564 1169 2606 ex

166 2631 273 2703 ,ipsius
292 2639 392 2703 poetae
413 2633 519 2688 indicio
539 2639 632 2703 potest
654 2634 760 2704 colligi.
806 2633 872 2689 llam
894 2649 954 2689 cnm
979 2633 1007 2688 in
1028 2633 1094 2688 libri
1122 2651 1170 2690 se-

183 2715 264 2770 cundi
286 2717 372 2772 satira
391 2712 487 2786 scita,
515 2717 585 2786 qnae
607 2721 675 2787 post
692 2734 811 2788 pugnans
825 2717 968 2772 Actiacam
990 2717 1066 2773 ciros
1088 2719 1169 2774 linem

184 2799 354 2856 66617136.
373 2817 396 2854 6.
416 2799 573 2872 composite
588 2805 646 2868 est,
669 2799 733 2856 inde
750 2819 766 2871 a
781 2819 864 2856 verso
883 2803 918 2859 40
932 2801 1056 2872 legamus
1076 2801 1168 2874 ‘Sep-

182 2883 263 2938 timus
286 2889 386 2940 ootuvo
406 2885 524 2956 propior
543 2884 603 2940 iant
623 2883 727 2953 ingerit
749 2896 852 2954 annus,
884 2885 927 2940 lix
947 2899 1001 2956 quc
1020 2885 1168 2943 llaecenas

182 2967 336 3038 reaccepit
355 2969 459 3025 hahere
476 2983 594 3024 ‘suorum
605 2966 638 3022 ln
656 2969 803 3036 nnmero',
826 2969 894 3024 satis
909 2975 1039 3041 apparet,
1061 2970 1169 3040 princi-
1266 3029 1267 3040 ,

182 3052 257 3123 pium
272 3053 480 3108 consuetudinis
498 3053 570 3107 inter
586 3058 731 3122 auumque
746 3051 880 3108 incidisse
895 3053 924 3108 in
941 3053 1021 3108 linem
1036 3047 1099 3109 anni
1115 3059 1169 3114 tro
1266 3067 1267 3090 ³

183 3141 232 3190 aut
252 3135 315 3191 anni
337 3137 388 3193 717
407 3136 522 3192 initium.
568 3136 646 3203 Quae
661 3134 770 3206 quidem
791 3137 975 3192 necessitudo
994 3139 1072 3194 lrevi
1095 3139 1168 3194 adeo
1266 3127 1267 3188 i

184 3220 342 3275 ceulrmata
353 3224 415 3288 est,
431 3225 461 3274 ut
475 3221 529 3276 iam
541 3237 628 3277 uerno
641 3225 767 3291 ternpore
778 3221 841 3276 anni
856 3225 907 3280 tm
914 3263 923 3291 ,
939 3222 1015 3291 qnod
1026 3237 1080 3277 non
1099 3237 1168 3277 con·
1266 3213 1267 3232 ¹

183 3303 315 3373 ioctoris,
337 3303 388 3358 sed
411 3304 495 3358 ceros
512 3305 647 3361 historiae
664 3302 830 3361 testimoniis
845 3305 982 3360 llirchnor
996 3306 1023 3360 in
1040 3306 1165 3380 Quaestt.

182 3385 289 3444 lloratt.
304 3389 331 3460 p.
347 3391 381 3447 54
399 3402 477 3459 seqq.
500 3387 582 3444 docte
600 3388 744 3461 probavit,
765 3389 880 3446 Flaccus
902 3393 999 3446 noster
1019 3387 1169 3462 conspice-
