2556 3990
467 207 678 266 raananmo‘.
716 191 718 200 ’
989 223 1063 270 xvn

74 379 178 434 tionem
199 375 227 431 in
243 374 370 433 editione
383 375 570 456 Epistularum
580 391 646 452 ,area
669 379 811 435 detonsam
826 385 908 450 atque
930 377 958 433 in
970 375 1063 435 Jabnii

75 466 234 533 contextum
255 465 396 530 receptam
424 461 584 516 novissimis
608 462 685 516 editt.
707 457 860 534 probarunt
879 462 1008 518 lleinelra
1035 470 1064 518 et
1143 467 1145 474 ’

73 545 167 615 Pauly.
207 543 314 602 Contra.
332 542 419 598 Orelli
443 561 503 606 cunr
519 545 584 600 aliis
605 545 633 598 in
656 547 709 602 tine
731 537 1008 616 venustianum,
1033 553 1064 602 ut

73 629 175 684 verba:
198 629 267 700 quid
280 641 375 682 aenaea
388 627 506 682 mammo
521 657 564 674 ψ-
577 633 644 684 ore?
672 646 751 686 unam
768 629 891 688 alliciant
905 631 1063 702 interroga-

35 709 37 716 '
73 713 193 808 donem,
213 711 284 768 male
300 711 492 782 interrogandi
510 713 617 784 siguum
633 715 719 784 ponit.
736 742 778 755 -
800 713 869 770 lbid.
886 731 927 770 vs.
945 718 979 772 31
994 715 1063 770 reti-

16 853 17 872 ,
72 797 119 850 nui
134 797 305 868 scripturam
323 795 458 854 librorum
476 797 640 852 anctoritate
657 797 726 852 satis
742 793 873 868 stammam
893 799 1063 853 sententiae-

74 896 127 951 que
143 879 605 962 accommodatissimampuaaaat.
624 881 750 936 lleinake
767 887 795 936 et
809 855 908 951 Pauly:
928 887 1013 951 palca
1027 888 1061 936 et.
1098 939 1105 953 ,

72 991 115 1005 —·
129 964 217 1036 Epist.
229 967 258 1033 7,
268 967 306 1020 19
316 963 442 1033 dubuerat
441 979 485 1018 um
493 981 597 1036 ,qnam
612 981 706 1020 omnes
721 964 785 1019 libri
802 972 830 1021 et
844 965 941 1036 scripti
958 972 985 1020 et
1000 972 1063 1021 ante

72 1049 226 1121 Bentleiurn
242 1047 329 1116 editi,
352 1063 430 1117 quam
444 1048 538 1104 Aaron
561 1063 621 1103 aum
640 1055 738 1103 vetere
763 1055 976 1106 commentatore
994 1049 1062 1104 Gru

75 1133 132 1204 quii
150 1133 185 1188 ad
202 1133 265 1188 Sat.
278 1131 300 1200 l,
315 1135 339 1200 l,
355 1135 390 1188 53
404 1138 531 1201 tuentur,
549 1147 628 1202 quam
641 1132 813 1202 Augustinus
830 1139 926 1188 contra
935 1133 1060 1189 blandae.

17 1267 18 1272 ,
73 1217 108 1274 ad
132 1216 262 1272 Consent
288 1215 333 1269 lv.
355 1227 382 1286 p.
399 1220 451 1274 310
474 1217 517 1274 ud.
535 1215 598 1270 nat.
616 1219 666 1274 tot
688 1222 716 1270 et
733 1216 857 1272 Isidorus
880 1215 957 1287 Orig.
976 1219 1005 1286 l,
1027 1222 1062 1276 39

72 1307 243 1370 agnoscunt,
250 1293 394 1368 ‘effug'ere
413 1316 470 1355 non
490 1314 590 1372 passus
611 1315 687 1368 sum,
709 1315 799 1370 nequ-e
817 1299 935 1356 Bentleii
958 1307 986 1354 et
1000 1300 1061 1357 Pal-

73 1385 144 1440 dami
164 1379 230 1460 (lle
241 1382 394 1438 imitatione
417 1383 533 1441 Horatii.
558 1383 734 1439 Greilswald.
757 1388 835 1442 1851
858 1399 885 1454 p
912 1389 947 1440 10
968 1391 996 1438 et
1012 1379 1061 1457 11)

72 1456 307 1538 disputationibus
329 1467 535 1537 subtilissimis,
559 1483 649 1538 neque
664 1468 827 1524 baclrmanni
845 1467 937 1523 edicto
962 1467 1062 1522 adduci

71 1551 169 1624 potui,
187 1556 216 1606 ut
229 1551 377 1622 perpensis
393 1551 446 1621 iis,
471 1551 743 1623 quesissemus
736 1569 764 1606 ιιι
776 1551 875 1606 Museo
893 1525 1060 1606 libananol.

71 1651 98 1706 p
113 1639 165 1694 197
177 1651 255 1706 seqq.
273 1633 308 1690 da
319 1636 373 1690 hoc
388 1636 451 1690 locu
466 1636 627 1707 disputavit,
643 1651 694 1708 pro
706 1637 849 1706 vulpecula
860 1651 920 1690 curn
932 1633 1062 1705 Hauptio,

71 1718 230 1788 blainelric,
253 1718 414 1774 Stallbaui
406 1736 434 1775 ιο
442 1721 746 1790 ,Paulyicm'tadulam
762 1737 797 1775 ex
813 1717 927 1790 ingenio
943 1719 1062 1774 Bentleii

71 1809 161 1858 natam
178 1801 397 1858 admitterem
404 1803 505 1866 ,11111
523 1821 565 1859 vs
582 1808 616 1863 41
635 1803 795 1860 Obbarium
800 1820 888 1858 meum
905 1809 1016 1858 secutus
1032 1803 1061 1856 in

74 1887 139 1941 edit.
157 1887 190 1942 V
209 1886 321 1941 restitui
343 1867 440 1953 rmore
455 1905 506 1959 pro
521 1886 704 1943 Ithacae-
726 1889 796 1944 lbid.
813 1905 854 1944 vs.
872 1891 906 1946 56
923 1893 987 1958 post
1003 1888 1062 1940 sice

72 1973 186 2025 crimine
200 1985 306 2026 comma
321 1973 403 2042 posui
419 1973 447 2026 in
463 1972 596 2040 edit.⁴V.,
613 1979 643 2026 ut
658 1977 807 2042 sequentes
826 1971 978 2038 infinitivus
989 1985 1061 2039 prc-

70 2069 175 2124 percre
190 2059 242 2110 eta.
261 2056 429 2110 avocabulc
446 2061 539 2110 nomm
552 2055 676 2126 pendere
691 2060 847 2127 appareret.
886 2054 1012 2110 aearum
1025 2067 1062 2108 err

72 2139 118 2193 his
135 2139 242 2208 uerbis,
260 2139 438 2194 non‘ltlenarn
452 2139 552 2210 ipsum,
569 2139 620 2194 sed
636 2145 776 2194 tonsorem
793 2155 809 2194 a
825 2153 920 2206 servo,
943 2137 989 2207 qui
1006 2151 1062 2190 non

73 2224 154 2278 laeve
175 2223 251 2278 iussa
266 2221 386 2294 Philippi
409 2223 581 2297 accipiebat,
610 2223 780 2293 interrogari
805 2228 833 2276 at
856 2220 966 2291 exquiri
993 2219 1062 2274 satis

72 2306 248 2377 intelligitur.
259 2332 302 2348 -κ
315 2303 384 2361 lbid.
398 2319 439 2362 ve.
453 2310 487 2364 63
501 2307 603 2361 retinui
619 2307 782 2378 optimorum
798 2305 880 2360 libbr.
897 2302 1062 2374 scripturam

72 2390 160 2462 Nequi
173 2391 219 2445 ille
233 2405 286 2462 pro
303 2388 403 2461 Nepet,
421 2391 495 2460 qnod
511 2397 677 2461 receperunt
692 2391 797 2460 llaupt,
815 2387 959 2455 ltleinelra,
977 2385 1062 2442 Stall-

71 2475 169 2544 baum,
184 2473 279 2544 Pauly.
297 2501 341 2515 --
361 2474 448 2546 Epist.
464 2477 539 2544 8‚'5‚
562 2468 611 2528 ubi
627 2476 692 2529 cites
708 2479 736 2528 et
749 2474 809 2528 cleo
828 2471 994 2527 coniunctim
1010 2487 1072 2540 op-,·

70 2559 373 2629 ponunturcrmantis,
400 2559 519 2630 optimos
543 2558 631 2614 libros
658 2564 769 2622 secutus
791 2553 893 2612 retinui
913 2555 1061 2626 oleumque,

66 2638 124 2712 ¹pro
143 2658 197 2712 quc
214 2642 342 2697 Mainake
366 2642 469 2713 aliique
484 2645 602 2697 cleoneae
620 2659 679 2696 curu
694 2642 828 2697 lientleio.
845 2667 888 2682 -
909 2639 996 2710 Epist.
1016 2641 1060 2708 10,
1108 2671 1109 2674 =

72 2726 288 2796 discriptorum
303 2726 458 2796 vulgatam,
481 2717 680 2798 quamoptime
698 2725 823 2781 defendit
835 2722 988 2791 Obbarius,
1005 2737 1060 2776 non

72 2810 186 2865 mutavi.
223 2807 327 2880 Haupt:
349 2812 417 2864 mota
432 2812 533 2866 colens
545 2804 735 2884 (veirieiras).
752 2837 794 2850 --
810 2807 880 2863 lbid.
895 2807 1061 2877 scripturam

71 2892 142 2948 caluit
155 2893 238 2948 unice
256 2907 351 2948 veram
365 2894 467 2949 retinui
483 2911 543 2948 curn
559 2893 699 2963 Obbaric,
717 2894 762 2965 qui
778 2909 838 2948 earn
854 2885 952 2946 tuetur.
992 2889 1060 2944 llei-

71 2977 160 3046 neke,
184 2977 302 3046 Stallb.,
325 2975 410 3046 Pauly
431 2978 576 3034 ’18161-
603 2977 690 3050 Epist.
707 2984 749 3035 11.
782 2976 848 3032 Post
868 2975 938 3032 alios
960 2975 1060 3044 Haupt,
1141 2977 1143 2980 '

73 3075 153 3130 quem
166 3061 255 3116 secuti
266 3066 330 3115 sunt
340 3060 467 3117 Mainake
483 3069 511 3116 et
521 3064 616 3132 Pauly,
631 3063 778 3118 vul-*10
791 3077 826 3116 err
836 3075 956 3132 persona
968 3058 1060 3114 Bulla-

72 3143 104 3196 tii
123 3143 245 3216 scriptus
262 3161 325 3200 esse
343 3146 500 3215 contendit,
517 3148 560 3202 cui
573 3147 698 3216 opinioni
716 3145 842 3217 equidem
858 3143 988 3200 assentiri
1004 3155 1059 3196 non

72 3241 192 3296 possum.
231 3228 295 3284 vid.
312 3245 383 3298 quae
398 3229 432 3285 de
447 3231 579 3286 hocloco
595 3228 738 3286 disserui
730 3247 758 3284 ιιι
773 3245 879 3302 progr.-
877 3227 972 3283 msenoi
992 3241 1059 3280 acn-

73 3315 115 3365 tra
126 3311 393 3382 lllcrgensternium,
409 3313 546 3371 Halbarst.
563 3317 640 3382 1816,
658 3315 728 3369 etin
742 3313 937 3370 commentario
952 3301 1023 3365 adh.
1037 3309 1057 3362 l
1124 3359 1127 3364 .

73 3419 117 3436 --
134 3395 221 3468 Epist.
241 3401 337 3466 11,19
359 3399 496 3469 scriptura
518 3399 682 3470 optimorum
705 3399 839 3456 librorum
862 3394 987 3466 descendit
1006 3406 1057 3464 pro

19 3495 23 3502 '
125 3505 285 3580 nonanus.
529 3564 539 3582 ..
836 3497 854 3554 b
