<?xml version="1.0" encoding="UTF-8"?>
<!DOCTYPE html PUBLIC "-//W3C//DTD XHTML 1.0 Transitional//EN"
    "http://www.w3.org/TR/xhtml1/DTD/xhtml1-transitional.dtd">
<html xmlns="http://www.w3.org/1999/xhtml" xml:lang="en" lang="en">
 <head>
  <title>
</title>
<meta http-equiv="Content-Type" content="text/html;charset=utf-8" />
  <meta name='ocr-system' content='tesseract 3.04.00' />
  <meta name='ocr-capabilities' content='ocr_page ocr_carea ocr_par ocr_line ocrx_word'/>
</head>
<body>
  <div class='ocr_page' id='page_1' title='image "./qhoratiiflaccio01schmgoog_0193.png"; bbox 0 0 2536 3986; ppageno 0'>
   <div class='ocr_carea' id='block_1_1' title="bbox 186 233 1148 320">
    <p class='ocr_par' dir='ltr' id='par_1_1' title="bbox 186 233 1148 320">
     <span class='ocr_line' id='line_1_1' title="bbox 186 233 1148 320; baseline 0.002 -23"><span class='ocrx_word' id='word_1_1' title='bbox 186 233 249 300; x_wconf 81' lang='lat' dir='ltr'>tae</span> <span class='ocrx_word' id='word_1_2' title='bbox 525 287 562 303; x_wconf 75' lang='grc'>,,</span> <span class='ocrx_word' id='word_1_3' title='bbox 621 235 775 298; x_wconf 87' lang='lat' dir='ltr'>nrcncu</span> <span class='ocrx_word' id='word_1_4' title='bbox 1018 243 1148 320; x_wconf 79' lang='lat' dir='ltr'>[aare]</span> 
     </span>
    </p>
   </div>
   <div class='ocr_carea' id='block_1_2' title="bbox 148 387 1065 3140">
    <p class='ocr_par' dir='ltr' id='par_1_2' title="bbox 148 387 1065 3140">
     <span class='ocr_line' id='line_1_2' title="bbox 173 387 873 470; baseline 0.003 -23"><span class='ocrx_word' id='word_1_5' title='bbox 173 440 176 447; x_wconf 92' lang='lat'>.</span> <span class='ocrx_word' id='word_1_6' title='bbox 310 387 450 466; x_wconf 81' lang='lat' dir='ltr'>Ametque</span> <span class='ocrx_word' id='word_1_7' title='bbox 462 387 537 447; x_wconf 89' lang='lat' dir='ltr'>salsa</span> <span class='ocrx_word' id='word_1_8' title='bbox 547 387 620 450; x_wconf 88' lang='lat' dir='ltr'>levis</span> <span class='ocrx_word' id='word_1_9' title='bbox 631 389 727 450; x_wconf 88' lang='lat' dir='ltr'>hircus</span> <span class='ocrx_word' id='word_1_10' title='bbox 738 405 873 470; x_wconf 88' lang='lat' dir='ltr'>aequem.</span> 
     </span>
     <span class='ocr_line' id='line_1_3' title="bbox 184 469 1065 552; baseline -0.003 -16"><span class='ocrx_word' id='word_1_11' title='bbox 184 473 225 536; x_wconf 81' lang='lat'>35</span> <span class='ocrx_word' id='word_1_12' title='bbox 269 469 366 546; x_wconf 84' lang='lat' dir='ltr'>llaec,</span> <span class='ocrx_word' id='word_1_13' title='bbox 384 481 413 530; x_wconf 88' lang='lat' dir='ltr'>et</span> <span class='ocrx_word' id='word_1_14' title='bbox 425 488 498 548; x_wconf 92' lang='lat' dir='ltr'>quac</span> <span class='ocrx_word' id='word_1_15' title='bbox 512 479 643 548; x_wconf 87' lang='lat' dir='ltr'>poterunt</span> <span class='ocrx_word' id='word_1_16' title='bbox 653 469 760 531; x_wconf 89' lang='lat' dir='ltr'>reditus</span> <span class='ocrx_word' id='word_1_17' title='bbox 772 471 938 534; x_wconf 79' lang='lat' dir='ltr'>abscindere</span> <span class='ocrx_word' id='word_1_18' title='bbox 954 473 1065 552; x_wconf 82' lang='lat' dir='ltr'>dulces,</span> 
     </span>
     <span class='ocr_line' id='line_1_4' title="bbox 309 551 803 630; baseline -0.002 -16"><span class='ocrx_word' id='word_1_19' title='bbox 309 551 414 614; x_wconf 83' lang='lat' dir='ltr'>Eamus</span> <span class='ocrx_word' id='word_1_20' title='bbox 425 555 514 614; x_wconf 87' lang='lat' dir='ltr'>omnis</span> <span class='ocrx_word' id='word_1_21' title='bbox 531 563 676 614; x_wconf 78' lang='lat' dir='ltr'><strong>exsecrata</strong></span> <span class='ocrx_word' id='word_1_22' title='bbox 693 555 803 630; x_wconf 83' lang='lat' dir='ltr'>ciritae,</span> 
     </span>
     <span class='ocr_line' id='line_1_5' title="bbox 267 631 1056 719; baseline 0.004 -22"><span class='ocrx_word' id='word_1_23' title='bbox 267 637 324 698; x_wconf 79' lang='lat' dir='ltr'>Aut</span> <span class='ocrx_word' id='word_1_24' title='bbox 335 654 400 714; x_wconf 91' lang='lat' dir='ltr'>pars</span> <span class='ocrx_word' id='word_1_25' title='bbox 411 637 527 697; x_wconf 84' lang='lat' dir='ltr'>indocili</span> <span class='ocrx_word' id='word_1_26' title='bbox 537 638 639 697; x_wconf 87' lang='lat' dir='ltr'>melier</span> <span class='ocrx_word' id='word_1_27' title='bbox 648 655 754 716; x_wconf 76' lang='lat' dir='ltr'>grege;</span> <span class='ocrx_word' id='word_1_28' title='bbox 772 637 866 698; x_wconf 89' lang='lat' dir='ltr'>mollis</span> <span class='ocrx_word' id='word_1_29' title='bbox 878 647 906 700; x_wconf 88' lang='lat' dir='ltr'>et</span> <span class='ocrx_word' id='word_1_30' title='bbox 918 631 1022 719; x_wconf 83' lang='lat' dir='ltr'>ersp&#39;es</span> <span class='ocrx_word' id='word_1_31' title='bbox 1052 675 1056 680; x_wconf 92' lang='lat'><em>-</em></span> 
     </span>
     <span class='ocr_line' id='line_1_6' title="bbox 308 718 763 798; baseline 0.004 -18"><span class='ocrx_word' id='word_1_32' title='bbox 308 718 462 781; x_wconf 89' lang='lat' dir='ltr'>lncminata</span> <span class='ocrx_word' id='word_1_33' title='bbox 474 723 626 798; x_wconf 90' lang='lat' dir='ltr'>perprimat</span> <span class='ocrx_word' id='word_1_34' title='bbox 644 721 763 782; x_wconf 84' lang='lat' dir='ltr'>cubilia!</span> 
     </span>
     <span class='ocr_line' id='line_1_7' title="bbox 267 804 1033 884; baseline 0 -18"><span class='ocrx_word' id='word_1_35' title='bbox 267 804 345 881; x_wconf 86' lang='lat' dir='ltr'>Vos,</span> <span class='ocrx_word' id='word_1_36' title='bbox 359 805 461 883; x_wconf 92' lang='lat' dir='ltr'>quibus</span> <span class='ocrx_word' id='word_1_37' title='bbox 473 813 517 863; x_wconf 89' lang='lat' dir='ltr'>est</span> <span class='ocrx_word' id='word_1_38' title='bbox 527 805 627 880; x_wconf 85' lang='lat' dir='ltr'>virtus,</span> <span class='ocrx_word' id='word_1_39' title='bbox 638 804 804 864; x_wconf 80' lang='lat' dir='ltr'>muliebrem</span> <span class='ocrx_word' id='word_1_40' title='bbox 815 804 906 866; x_wconf 82' lang='lat' dir='ltr'>tellite</span> <span class='ocrx_word' id='word_1_41' title='bbox 918 806 1033 884; x_wconf 89' lang='lat' dir='ltr'>luctum,</span> 
     </span>
     <span class='ocr_line' id='line_1_8' title="bbox 185 885 861 965; baseline 0 -17"><span class='ocrx_word' id='word_1_42' title='bbox 185 885 226 948; x_wconf 81' lang='lat'>40</span> <span class='ocrx_word' id='word_1_43' title='bbox 308 887 430 948; x_wconf 90' lang='lat' dir='ltr'>Etrusca</span> <span class='ocrx_word' id='word_1_44' title='bbox 441 895 553 965; x_wconf 90' lang='lat' dir='ltr'>praeter</span> <span class='ocrx_word' id='word_1_45' title='bbox 565 897 594 947; x_wconf 85' lang='lat' dir='ltr'>et</span> <span class='ocrx_word' id='word_1_46' title='bbox 606 887 702 948; x_wconf 79' lang='lat' dir='ltr'>valate</span> <span class='ocrx_word' id='word_1_47' title='bbox 713 888 813 948; x_wconf 81' lang='lat' dir='ltr'>litora!</span> <span class='ocrx_word' id='word_1_48' title='bbox 859 919 861 926; x_wconf 42' lang='lat' dir='ltr'>v</span> 
     </span>
     <span class='ocr_line' id='line_1_9' title="bbox 267 970 994 1048; baseline 0 -16"><span class='ocrx_word' id='word_1_49' title='bbox 267 971 328 1032; x_wconf 88' lang='lat' dir='ltr'>Nos</span> <span class='ocrx_word' id='word_1_50' title='bbox 339 979 432 1031; x_wconf 89' lang='lat' dir='ltr'>manet</span> <span class='ocrx_word' id='word_1_51' title='bbox 444 970 573 1032; x_wconf 80' lang='lat' dir='ltr'>Oceanus</span> <span class='ocrx_word' id='word_1_52' title='bbox 586 974 798 1048; x_wconf 77' lang='lat' dir='ltr'>circumvagust</span> <span class='ocrx_word' id='word_1_53' title='bbox 814 989 896 1048; x_wconf 84' lang='lat' dir='ltr'>arva,</span> <span class='ocrx_word' id='word_1_54' title='bbox 913 973 994 1032; x_wconf 87' lang='lat' dir='ltr'>beata</span> 
     </span>
     <span class='ocr_line' id='line_1_10' title="bbox 309 1053 801 1131; baseline 0.002 -18"><span class='ocrx_word' id='word_1_55' title='bbox 309 1053 439 1114; x_wconf 77' lang='lat' dir='ltr'>Petamus</span> <span class='ocrx_word' id='word_1_56' title='bbox 452 1073 517 1115; x_wconf 89' lang='lat' dir='ltr'>arva</span> <span class='ocrx_word' id='word_1_57' title='bbox 529 1053 630 1116; x_wconf 90' lang='lat' dir='ltr'>divites</span> <span class='ocrx_word' id='word_1_58' title='bbox 642 1063 671 1114; x_wconf 88' lang='lat' dir='ltr'>et</span> <span class='ocrx_word' id='word_1_59' title='bbox 684 1055 801 1131; x_wconf 88' lang='lat' dir='ltr'>insulas,</span> 
     </span>
     <span class='ocr_line' id='line_1_11' title="bbox 267 1136 936 1221; baseline 0.003 -23"><span class='ocrx_word' id='word_1_60' title='bbox 267 1136 371 1198; x_wconf 86' lang='lat' dir='ltr'>Reddit</span> <span class='ocrx_word' id='word_1_61' title='bbox 380 1138 428 1198; x_wconf 89' lang='lat' dir='ltr'>ubi</span> <span class='ocrx_word' id='word_1_62' title='bbox 441 1155 566 1198; x_wconf 77' lang='lat' dir='ltr'>cererem</span> <span class='ocrx_word' id='word_1_63' title='bbox 576 1137 661 1198; x_wconf 86' lang='lat' dir='ltr'>tellus</span> <span class='ocrx_word' id='word_1_64' title='bbox 673 1141 777 1221; x_wconf 86' lang='lat' dir='ltr'>inarata</span> <span class='ocrx_word' id='word_1_65' title='bbox 789 1141 936 1216; x_wconf 79' lang='lat' dir='ltr'>quotannis</span> 
     </span>
     <span class='ocr_line' id='line_1_12' title="bbox 307 1221 787 1300; baseline 0.006 -19"><span class='ocrx_word' id='word_1_66' title='bbox 307 1221 344 1281; x_wconf 87' lang='lat' dir='ltr'>Et</span> <span class='ocrx_word' id='word_1_67' title='bbox 354 1224 486 1300; x_wconf 90' lang='lat' dir='ltr'>imputata</span> <span class='ocrx_word' id='word_1_68' title='bbox 498 1221 581 1280; x_wconf 87' lang='lat' dir='ltr'>deret</span> <span class='ocrx_word' id='word_1_69' title='bbox 592 1239 683 1299; x_wconf 88' lang='lat' dir='ltr'>usque</span> <span class='ocrx_word' id='word_1_70' title='bbox 693 1224 787 1299; x_wconf 78' lang='lat' dir='ltr'>vinea,</span> 
     </span>
     <span class='ocr_line' id='line_1_13' title="bbox 182 1302 951 1382; baseline 0.004 -19"><span class='ocrx_word' id='word_1_71' title='bbox 182 1303 223 1367; x_wconf 83' lang='lat'>45</span> <span class='ocrx_word' id='word_1_72' title='bbox 267 1302 408 1366; x_wconf 82' lang='lat' dir='ltr'>Germinat</span> <span class='ocrx_word' id='word_1_73' title='bbox 418 1314 447 1364; x_wconf 90' lang='lat' dir='ltr'>ct</span> <span class='ocrx_word' id='word_1_74' title='bbox 456 1323 595 1382; x_wconf 92' lang='lat' dir='ltr'>nunquam</span> <span class='ocrx_word' id='word_1_75' title='bbox 609 1304 733 1370; x_wconf 80' lang='lat' dir='ltr'>fallentis</span> <span class='ocrx_word' id='word_1_76' title='bbox 744 1314 848 1369; x_wconf 84' lang='lat' dir='ltr'>termes</span> <span class='ocrx_word' id='word_1_77' title='bbox 860 1305 951 1366; x_wconf 80' lang='lat' dir='ltr'>olivae</span> 
     </span>
     <span class='ocr_line' id='line_1_14' title="bbox 307 1387 857 1467; baseline 0 -19"><span class='ocrx_word' id='word_1_78' title='bbox 307 1389 447 1467; x_wconf 84' lang='lat' dir='ltr'>Suamque</span> <span class='ocrx_word' id='word_1_79' title='bbox 459 1387 535 1465; x_wconf 90' lang='lat' dir='ltr'>pulla</span> <span class='ocrx_word' id='word_1_80' title='bbox 546 1389 616 1447; x_wconf 86' lang='lat' dir='ltr'>licus</span> <span class='ocrx_word' id='word_1_81' title='bbox 629 1398 708 1448; x_wconf 86' lang='lat' dir='ltr'>amat</span> <span class='ocrx_word' id='word_1_82' title='bbox 718 1387 857 1465; x_wconf 83' lang='lat' dir='ltr'>arbcr&#39;em,</span> 
     </span>
     <span class='ocr_line' id='line_1_15' title="bbox 212 1465 915 1562; baseline 0.003 -32"><span class='ocrx_word' id='word_1_83' title='bbox 212 1530 223 1544; x_wconf 58' lang='grc'><strong>,</strong></span> <span class='ocrx_word' id='word_1_84' title='bbox 265 1469 349 1532; x_wconf 83' lang='lat' dir='ltr'>llella</span> <span class='ocrx_word' id='word_1_85' title='bbox 365 1489 433 1532; x_wconf 91' lang='lat' dir='ltr'>cava</span> <span class='ocrx_word' id='word_1_86' title='bbox 443 1480 553 1562; x_wconf 81' lang='lat' dir='ltr'>manapt</span> <span class='ocrx_word' id='word_1_87' title='bbox 565 1490 600 1530; x_wconf 88' lang='lat' dir='ltr'>ex</span> <span class='ocrx_word' id='word_1_88' title='bbox 611 1471 688 1546; x_wconf 72' lang='lat' dir='ltr'>ilicb‘,</span> <span class='ocrx_word' id='word_1_89' title='bbox 700 1473 841 1536; x_wconf 85' lang='lat' dir='ltr'>montibus</span> <span class='ocrx_word' id='word_1_90' title='bbox 852 1465 915 1532; x_wconf 86' lang='lat' dir='ltr'>altis</span> 
     </span>
     <span class='ocr_line' id='line_1_16' title="bbox 305 1553 859 1634; baseline 0.004 -20"><span class='ocrx_word' id='word_1_91' title='bbox 305 1553 390 1614; x_wconf 83' lang='lat' dir='ltr'>Leuis</span> <span class='ocrx_word' id='word_1_92' title='bbox 402 1563 535 1634; x_wconf 79' lang='lat' dir='ltr'>crepante</span> <span class='ocrx_word' id='word_1_93' title='bbox 546 1553 660 1632; x_wconf 74' lang='lat' dir='ltr'>lympha</span> <span class='ocrx_word' id='word_1_94' title='bbox 672 1555 766 1630; x_wconf 79' lang='lat' dir='ltr'>desilit</span> <span class='ocrx_word' id='word_1_95' title='bbox 777 1555 859 1633; x_wconf 88' lang='lat' dir='ltr'>pede.</span> 
     </span>
     <span class='ocr_line' id='line_1_17' title="bbox 265 1637 902 1722; baseline 0 -24"><span class='ocrx_word' id='word_1_96' title='bbox 265 1637 328 1698; x_wconf 89' lang='lat' dir='ltr'>Illic</span> <span class='ocrx_word' id='word_1_97' title='bbox 338 1641 462 1722; x_wconf 82' lang='lat' dir='ltr'>iniussae</span> <span class='ocrx_word' id='word_1_98' title='bbox 475 1639 589 1698; x_wconf 89' lang='lat' dir='ltr'>veniunt</span> <span class='ocrx_word' id='word_1_99' title='bbox 601 1637 635 1698; x_wconf 87' lang='lat' dir='ltr'>ad</span> <span class='ocrx_word' id='word_1_100' title='bbox 645 1638 763 1698; x_wconf 88' lang='lat' dir='ltr'>mulctra</span> <span class='ocrx_word' id='word_1_101' title='bbox 774 1638 902 1717; x_wconf 90' lang='lat' dir='ltr'>capellae</span> 
     </span>
     <span class='ocr_line' id='line_1_18' title="bbox 181 1721 864 1800; baseline -0.001 -16"><span class='ocrx_word' id='word_1_102' title='bbox 181 1725 220 1786; x_wconf 82' lang='lat'>50</span> <span class='ocrx_word' id='word_1_103' title='bbox 305 1721 461 1800; x_wconf 84' lang='lat' dir='ltr'>lleiertque</span> <span class='ocrx_word' id='word_1_104' title='bbox 475 1728 550 1781; x_wconf 89' lang='lat' dir='ltr'>tenta</span> <span class='ocrx_word' id='word_1_105' title='bbox 564 1739 635 1798; x_wconf 80' lang='lat' dir='ltr'>grex</span> <span class='ocrx_word' id='word_1_106' title='bbox 649 1724 756 1783; x_wconf 88' lang='lat' dir='ltr'>amicus</span> <span class='ocrx_word' id='word_1_107' title='bbox 767 1723 864 1798; x_wconf 90' lang='lat' dir='ltr'>ubera,</span> 
     </span>
     <span class='ocr_line' id='line_1_19' title="bbox 265 1805 915 1882; baseline 0 -16"><span class='ocrx_word' id='word_1_108' title='bbox 265 1805 328 1866; x_wconf 82' lang='lat' dir='ltr'>Nee</span> <span class='ocrx_word' id='word_1_109' title='bbox 337 1806 516 1882; x_wconf 85' lang='lat' dir='ltr'>vespertinus</span> <span class='ocrx_word' id='word_1_110' title='bbox 528 1805 722 1882; x_wconf 83' lang='lat' dir='ltr'>circumgemit</span> <span class='ocrx_word' id='word_1_111' title='bbox 733 1825 815 1866; x_wconf 87' lang='lat' dir='ltr'>ursus</span> <span class='ocrx_word' id='word_1_112' title='bbox 829 1805 915 1882; x_wconf 88' lang='lat' dir='ltr'>ovile,</span> 
     </span>
     <span class='ocr_line' id='line_1_20' title="bbox 306 1880 884 1966; baseline 0 -18"><span class='ocrx_word' id='word_1_113' title='bbox 306 1887 407 1966; x_wconf 88' lang='lat' dir='ltr'>Neque</span> <span class='ocrx_word' id='word_1_114' title='bbox 419 1880 578 1948; x_wconf 86' lang='lat' dir='ltr'>intumescit</span> <span class='ocrx_word' id='word_1_115' title='bbox 592 1888 647 1949; x_wconf 89' lang='lat' dir='ltr'>alta</span> <span class='ocrx_word' id='word_1_116' title='bbox 657 1891 763 1966; x_wconf 78' lang='lat' dir='ltr'>viperis</span> <span class='ocrx_word' id='word_1_117' title='bbox 775 1891 884 1950; x_wconf 89' lang='lat' dir='ltr'>humus.</span> 
     </span>
     <span class='ocr_line' id='line_1_21' title="bbox 264 1970 949 2052; baseline 0.004 -21"><span class='ocrx_word' id='word_1_118' title='bbox 264 1970 403 2049; x_wconf 83' lang='lat' dir='ltr'>Pluraque</span> <span class='ocrx_word' id='word_1_119' title='bbox 415 1971 515 2031; x_wconf 76' lang='lat' dir='ltr'>felices</span> <span class='ocrx_word' id='word_1_120' title='bbox 525 1973 695 2048; x_wconf 86' lang='lat' dir='ltr'>mirabimur,</span> <span class='ocrx_word' id='word_1_121' title='bbox 713 1982 743 2032; x_wconf 92' lang='lat' dir='ltr'>ut</span> <span class='ocrx_word' id='word_1_122' title='bbox 756 1991 850 2052; x_wconf 92' lang='lat' dir='ltr'>neque</span> <span class='ocrx_word' id='word_1_123' title='bbox 863 1973 949 2052; x_wconf 81' lang='lat' dir='ltr'>largis</span> 
     </span>
     <span class='ocr_line' id='line_1_22' title="bbox 308 2054 867 2134; baseline 0.004 -20"><span class='ocrx_word' id='word_1_124' title='bbox 308 2055 441 2134; x_wconf 79' lang='lat' dir='ltr'>Aquesus</span> <span class='ocrx_word' id='word_1_125' title='bbox 452 2054 544 2114; x_wconf 82' lang='lat' dir='ltr'>Eurus</span> <span class='ocrx_word' id='word_1_126' title='bbox 554 2073 620 2115; x_wconf 87' lang='lat' dir='ltr'>arva</span> <span class='ocrx_word' id='word_1_127' title='bbox 631 2056 709 2116; x_wconf 88' lang='lat' dir='ltr'>radat</span> <span class='ocrx_word' id='word_1_128' title='bbox 723 2057 867 2133; x_wconf 83' lang='lat' dir='ltr'>imbribus,</span> 
     </span>
     <span class='ocr_line' id='line_1_23' title="bbox 180 2137 902 2218; baseline 0.003 -20"><span class='ocrx_word' id='word_1_129' title='bbox 180 2137 218 2198; x_wconf 79' lang='grc'>55</span> <span class='ocrx_word' id='word_1_130' title='bbox 263 2138 379 2217; x_wconf 85' lang='lat' dir='ltr'>Pinguia</span> <span class='ocrx_word' id='word_1_131' title='bbox 389 2157 444 2198; x_wconf 92' lang='lat' dir='ltr'>nec</span> <span class='ocrx_word' id='word_1_132' title='bbox 457 2140 543 2198; x_wconf 87' lang='lat' dir='ltr'>siccis</span> <span class='ocrx_word' id='word_1_133' title='bbox 557 2147 670 2205; x_wconf 88' lang='lat' dir='ltr'>urantur</span> <span class='ocrx_word' id='word_1_134' title='bbox 680 2143 786 2200; x_wconf 84' lang='lat' dir='ltr'>semina</span> <span class='ocrx_word' id='word_1_135' title='bbox 797 2141 902 2218; x_wconf 85' lang='lat' dir='ltr'>glebis,</span> 
     </span>
     <span class='ocr_line' id='line_1_24' title="bbox 304 2221 888 2301; baseline 0.002 -18"><span class='ocrx_word' id='word_1_136' title='bbox 304 2221 458 2301; x_wconf 90' lang='lat' dir='ltr'>Utrumque</span> <span class='ocrx_word' id='word_1_137' title='bbox 469 2241 540 2300; x_wconf 79' lang='lat' dir='ltr'>rege</span> <span class='ocrx_word' id='word_1_138' title='bbox 555 2231 729 2300; x_wconf 87' lang='lat' dir='ltr'>temperante</span> <span class='ocrx_word' id='word_1_139' title='bbox 744 2225 888 2284; x_wconf 84' lang='lat' dir='ltr'>coelitum.</span> 
     </span>
     <span class='ocr_line' id='line_1_25' title="bbox 208 2305 876 2386; baseline 0.003 -21"><span class='ocrx_word' id='word_1_140' title='bbox 208 2363 216 2376; x_wconf 42' lang='lat' dir='ltr'><em>s</em></span> <span class='ocrx_word' id='word_1_141' title='bbox 261 2305 326 2366; x_wconf 87' lang='lat' dir='ltr'>Non</span> <span class='ocrx_word' id='word_1_142' title='bbox 336 2308 391 2366; x_wconf 90' lang='lat' dir='ltr'>huc</span> <span class='ocrx_word' id='word_1_143' title='bbox 402 2307 499 2384; x_wconf 78' lang='lat' dir='ltr'>Argoo</span> <span class='ocrx_word' id='word_1_144' title='bbox 512 2307 655 2366; x_wconf 87' lang='lat' dir='ltr'>contendit</span> <span class='ocrx_word' id='word_1_145' title='bbox 664 2309 773 2385; x_wconf 87' lang='lat' dir='ltr'>remige</span> <span class='ocrx_word' id='word_1_146' title='bbox 783 2309 876 2386; x_wconf 87' lang='lat' dir='ltr'>pinus,</span> 
     </span>
     <span class='ocr_line' id='line_1_26' title="bbox 303 2388 913 2470; baseline 0 -20"><span class='ocrx_word' id='word_1_147' title='bbox 303 2389 404 2470; x_wconf 89' lang='lat' dir='ltr'>Neque</span> <span class='ocrx_word' id='word_1_148' title='bbox 415 2391 555 2470; x_wconf 90' lang='lat' dir='ltr'>impudica</span> <span class='ocrx_word' id='word_1_149' title='bbox 567 2388 683 2450; x_wconf 79' lang='lat' dir='ltr'>Colchis</span> <span class='ocrx_word' id='word_1_150' title='bbox 695 2391 785 2452; x_wconf 91' lang='lat' dir='ltr'>intulit</span> <span class='ocrx_word' id='word_1_151' title='bbox 797 2390 913 2470; x_wconf 78' lang='lat' dir='ltr'>pedem:</span> 
     </span>
     <span class='ocr_line' id='line_1_27' title="bbox 148 2472 891 2536; baseline 0.005 -6"><span class='ocrx_word' id='word_1_152' title='bbox 148 2522 151 2530; x_wconf 24' lang='grc' dir='ltr'><strong><em>Δ</em></strong></span> <span class='ocrx_word' id='word_1_153' title='bbox 260 2472 324 2533; x_wconf 90' lang='lat' dir='ltr'>Non</span> <span class='ocrx_word' id='word_1_154' title='bbox 335 2474 389 2534; x_wconf 93' lang='lat' dir='ltr'>huc</span> <span class='ocrx_word' id='word_1_155' title='bbox 401 2475 509 2534; x_wconf 89' lang='lat' dir='ltr'>Sidonii</span> <span class='ocrx_word' id='word_1_156' title='bbox 521 2483 663 2534; x_wconf 89' lang='lat' dir='ltr'>torserunt</span> <span class='ocrx_word' id='word_1_157' title='bbox 674 2491 779 2536; x_wconf 91' lang='lat' dir='ltr'>cornua</span> <span class='ocrx_word' id='word_1_158' title='bbox 790 2485 891 2536; x_wconf 92' lang='lat' dir='ltr'>nautae</span> 
     </span>
     <span class='ocr_line' id='line_1_28' title="bbox 178 2555 751 2620; baseline -0.005 0"><span class='ocrx_word' id='word_1_159' title='bbox 178 2561 218 2620; x_wconf 82' lang='lat'>60</span> <span class='ocrx_word' id='word_1_160' title='bbox 300 2555 453 2618; x_wconf 85' lang='lat' dir='ltr'>Labericsa</span> <span class='ocrx_word' id='word_1_161' title='bbox 464 2575 518 2618; x_wconf 89' lang='lat' dir='ltr'>nec</span> <span class='ocrx_word' id='word_1_162' title='bbox 534 2558 637 2617; x_wconf 88' lang='lat' dir='ltr'>cohors</span> <span class='ocrx_word' id='word_1_163' title='bbox 647 2558 751 2619; x_wconf 86' lang='lat' dir='ltr'>Ulixei.</span> 
     </span>
     <span class='ocr_line' id='line_1_29' title="bbox 258 2640 915 2720; baseline 0.003 -19"><span class='ocrx_word' id='word_1_164' title='bbox 258 2640 342 2701; x_wconf 90' lang='lat' dir='ltr'>Nulla</span> <span class='ocrx_word' id='word_1_165' title='bbox 353 2651 456 2702; x_wconf 89' lang='lat' dir='ltr'>nocent</span> <span class='ocrx_word' id='word_1_166' title='bbox 468 2643 566 2719; x_wconf 89' lang='lat' dir='ltr'>pecori</span> <span class='ocrx_word' id='word_1_167' title='bbox 580 2645 719 2720; x_wconf 80' lang='lat' dir='ltr'>contagia,</span> <span class='ocrx_word' id='word_1_168' title='bbox 731 2641 835 2702; x_wconf 86' lang='lat' dir='ltr'>nullius</span> <span class='ocrx_word' id='word_1_169' title='bbox 847 2644 915 2704; x_wconf 89' lang='lat' dir='ltr'>astri</span> 
     </span>
     <span class='ocr_line' id='line_1_30' title="bbox 302 2723 848 2803; baseline 0 -19"><span class='ocrx_word' id='word_1_170' title='bbox 302 2723 423 2803; x_wconf 82' lang='lat' dir='ltr'>Gregem</span> <span class='ocrx_word' id='word_1_171' title='bbox 434 2734 567 2786; x_wconf 88' lang='lat' dir='ltr'>aestuosa</span> <span class='ocrx_word' id='word_1_172' title='bbox 578 2733 666 2784; x_wconf 89' lang='lat' dir='ltr'>torret</span> <span class='ocrx_word' id='word_1_173' title='bbox 676 2727 848 2803; x_wconf 87' lang='lat' dir='ltr'>impotentia.</span> 
     </span>
     <span class='ocr_line' id='line_1_31' title="bbox 258 2805 848 2888; baseline 0.007 -22"><span class='ocrx_word' id='word_1_174' title='bbox 258 2805 386 2886; x_wconf 88' lang='lat' dir='ltr'>luppiter</span> <span class='ocrx_word' id='word_1_175' title='bbox 396 2808 444 2869; x_wconf 91' lang='lat' dir='ltr'>illa</span> <span class='ocrx_word' id='word_1_176' title='bbox 458 2812 521 2887; x_wconf 91' lang='lat' dir='ltr'>piae</span> <span class='ocrx_word' id='word_1_177' title='bbox 533 2810 658 2869; x_wconf 83' lang='lat' dir='ltr'>secrevit</span> <span class='ocrx_word' id='word_1_178' title='bbox 668 2807 750 2870; x_wconf 87' lang='lat' dir='ltr'>litera</span> <span class='ocrx_word' id='word_1_179' title='bbox 760 2813 848 2888; x_wconf 82' lang='lat' dir='ltr'>genti,</span> 
     </span>
     <span class='ocr_line' id='line_1_32' title="bbox 299 2891 837 2971; baseline 0.004 -19"><span class='ocrx_word' id='word_1_180' title='bbox 299 2891 336 2952; x_wconf 91' lang='lat' dir='ltr'>Ut</span> <span class='ocrx_word' id='word_1_181' title='bbox 347 2894 500 2970; x_wconf 88' lang='lat' dir='ltr'>inquinavit</span> <span class='ocrx_word' id='word_1_182' title='bbox 511 2909 578 2952; x_wconf 90' lang='lat' dir='ltr'>aere</span> <span class='ocrx_word' id='word_1_183' title='bbox 590 2900 705 2970; x_wconf 89' lang='lat' dir='ltr'>tempus</span> <span class='ocrx_word' id='word_1_184' title='bbox 713 2911 837 2971; x_wconf 88' lang='lat' dir='ltr'>aureum,</span> 
     </span>
     <span class='ocr_line' id='line_1_33' title="bbox 174 2973 940 3057; baseline 0.001 -21"><span class='ocrx_word' id='word_1_185' title='bbox 174 2975 214 3036; x_wconf 82' lang='lat'>65</span> <span class='ocrx_word' id='word_1_186' title='bbox 257 2973 348 3048; x_wconf 81' lang='lat' dir='ltr'>Aere,</span> <span class='ocrx_word' id='word_1_187' title='bbox 363 2975 465 3036; x_wconf 86' lang='lat' dir='ltr'>dehinc</span> <span class='ocrx_word' id='word_1_188' title='bbox 477 2976 552 3035; x_wconf 81' lang='lat' dir='ltr'>ferra</span> <span class='ocrx_word' id='word_1_189' title='bbox 565 2973 673 3035; x_wconf 82' lang='lat' dir='ltr'>duravit</span> <span class='ocrx_word' id='word_1_190' title='bbox 684 2978 809 3056; x_wconf 84' lang='lat' dir='ltr'>saecula,</span> <span class='ocrx_word' id='word_1_191' title='bbox 823 2993 940 3057; x_wconf 87' lang='lat' dir='ltr'>quorum</span> 
     </span>
     <span class='ocr_line' id='line_1_34' title="bbox 296 3056 801 3140; baseline 0.006 -22"><span class='ocrx_word' id='word_1_192' title='bbox 296 3056 353 3119; x_wconf 90' lang='lat' dir='ltr'>Piis</span> <span class='ocrx_word' id='word_1_193' title='bbox 365 3061 490 3120; x_wconf 84' lang='lat' dir='ltr'>secunda</span> <span class='ocrx_word' id='word_1_194' title='bbox 501 3068 565 3120; x_wconf 90' lang='lat' dir='ltr'>vate</span> <span class='ocrx_word' id='word_1_195' title='bbox 577 3077 621 3118; x_wconf 89' lang='lat' dir='ltr'>me</span> <span class='ocrx_word' id='word_1_196' title='bbox 636 3059 715 3121; x_wconf 81' lang='lat' dir='ltr'>datm</span> <span class='ocrx_word' id='word_1_197' title='bbox 724 3061 801 3140; x_wconf 82' lang='lat' dir='ltr'>iuga.</span> 
     </span>
    </p>
   </div>
   <div class='ocr_carea' id='block_1_3' title="bbox 0 0 1272 3986">
    <p class='ocr_par' dir='ltr' id='par_1_3' title="bbox 0 0 1272 3986">
     <span class='ocr_line' id='line_1_35' title="bbox 0 0 1272 3986; baseline 0 2"><span class='ocrx_word' id='word_1_198' title='bbox 0 0 1272 3986; x_wconf 95' lang='lat' dir='ltr'> </span> 
     </span>
    </p>
   </div>
  </div>
 </body>
</html>
