<?xml version="1.0" encoding="UTF-8"?>
<!DOCTYPE html PUBLIC "-//W3C//DTD XHTML 1.0 Transitional//EN"
    "http://www.w3.org/TR/xhtml1/DTD/xhtml1-transitional.dtd">
<html xmlns="http://www.w3.org/1999/xhtml" xml:lang="en" lang="en">
 <head>
  <title>
</title>
<meta http-equiv="Content-Type" content="text/html;charset=utf-8" />
  <meta name='ocr-system' content='tesseract 3.04.00' />
  <meta name='ocr-capabilities' content='ocr_page ocr_carea ocr_par ocr_line ocrx_word'/>
</head>
<body>
  <div class='ocr_page' id='page_1' title='image "./qhoratiiflaccio01schmgoog_0125.png"; bbox 0 0 2536 3986; ppageno 0'>
   <div class='ocr_carea' id='block_1_1' title="bbox 155 189 199 253">
    <p class='ocr_par' dir='ltr' id='par_1_1' title="bbox 155 189 199 253">
     <span class='ocr_line' id='line_1_1' title="bbox 155 189 199 253; baseline -0.023 0"><span class='ocrx_word' id='word_1_1' title='bbox 155 189 199 253; x_wconf 70' lang='lat'><strong>62</strong></span> 
     </span>
    </p>
   </div>
   <div class='ocr_carea' id='block_1_2' title="bbox 154 515 192 577">
    <p class='ocr_par' dir='ltr' id='par_1_2' title="bbox 154 515 192 577">
     <span class='ocr_line' id='line_1_2' title="bbox 154 515 192 577; baseline -0.026 0"><span class='ocrx_word' id='word_1_2' title='bbox 154 515 192 577; x_wconf 87' lang='lat'><strong>15</strong></span> 
     </span>
    </p>
   </div>
   <div class='ocr_carea' id='block_1_3' title="bbox 344 192 750 261">
    <p class='ocr_par' dir='ltr' id='par_1_3' title="bbox 344 192 750 261">
     <span class='ocr_line' id='line_1_3' title="bbox 344 192 750 261; baseline 0.005 -5"><span class='ocrx_word' id='word_1_3' title='bbox 344 201 347 208; x_wconf 87' lang='lat'>&#39;</span> <span class='ocrx_word' id='word_1_4' title='bbox 471 192 750 261; x_wconf 50' lang='lat' dir='ltr'><strong>*chitttthtttt</strong></span> 
     </span>
    </p>
   </div>
   <div class='ocr_carea' id='block_1_4' title="bbox 305 333 985 424">
    <p class='ocr_par' dir='ltr' id='par_1_4' title="bbox 305 319 985 424">
     <span class='ocr_line' id='line_1_4' title="bbox 305 333 985 424; baseline 0.012 -20"><span class='ocrx_word' id='word_1_5' title='bbox 305 342 868 424; x_wconf 78' lang='lat' dir='ltr'><strong>Tenere,mirumquodioretomnihus,</strong></span> <span class='ocrx_word' id='word_1_6' title='bbox 937 333 940 339; x_wconf 38' lang='lat'><strong>¹</strong></span> <span class='ocrx_word' id='word_1_7' title='bbox 979 397 985 412; x_wconf 81' lang='grc'><strong>.</strong></span> 
     </span>
    </p>
   </div>
   <div class='ocr_carea' id='block_1_5' title="bbox 304 427 903 678">
    <p class='ocr_par' dir='ltr' id='par_1_5' title="bbox 304 427 903 678">
     <span class='ocr_line' id='line_1_5' title="bbox 304 427 903 506; baseline 0.013 -19"><span class='ocrx_word' id='word_1_8' title='bbox 304 427 474 506; x_wconf 79' lang='lat' dir='ltr'><strong>Quicunque</strong></span> <span class='ocrx_word' id='word_1_9' title='bbox 488 429 584 490; x_wconf 87' lang='lat' dir='ltr'><strong>oelsae</strong></span> <span class='ocrx_word' id='word_1_10' title='bbox 599 429 694 490; x_wconf 83' lang='lat' dir='ltr'><strong>nidum</strong></span> <span class='ocrx_word' id='word_1_11' title='bbox 709 429 903 496; x_wconf 79' lang='lat' dir='ltr'><strong>Acherontiae</strong></span> 
     </span>
     <span class='ocr_line' id='line_1_6' title="bbox 356 511 809 591; baseline 0.004 -19"><span class='ocrx_word' id='word_1_12' title='bbox 356 511 507 591; x_wconf 73' lang='lat' dir='ltr'><strong>Saltusque</strong></span> <span class='ocrx_word' id='word_1_13' title='bbox 518 511 652 573; x_wconf 72' lang='lat' dir='ltr'><strong>Bantinos</strong></span> <span class='ocrx_word' id='word_1_14' title='bbox 666 523 696 574; x_wconf 86' lang='lat' dir='ltr'><strong>et</strong></span> <span class='ocrx_word' id='word_1_15' title='bbox 711 532 809 576; x_wconf 81' lang='lat' dir='ltr'><strong>arvum</strong></span> 
     </span>
     <span class='ocr_line' id='line_1_7' title="bbox 404 595 878 678; baseline 0.008 -23"><span class='ocrx_word' id='word_1_16' title='bbox 404 595 513 674; x_wconf 79' lang='lat' dir='ltr'><strong>Pingue</strong></span> <span class='ocrx_word' id='word_1_17' title='bbox 522 605 620 656; x_wconf 87' lang='lat' dir='ltr'><strong>tenent</strong></span> <span class='ocrx_word' id='word_1_18' title='bbox 631 595 742 668; x_wconf 88' lang='lat' dir='ltr'><strong>humilis</strong></span> <span class='ocrx_word' id='word_1_19' title='bbox 753 596 878 678; x_wconf 82' lang='lat' dir='ltr'><strong>Forenti,</strong></span> 
     </span>
    </p>
   </div>
   <div class='ocr_carea' id='block_1_6' title="bbox 297 729 890 1044">
    <p class='ocr_par' dir='ltr' id='par_1_6' title="bbox 297 729 890 1044">
     <span class='ocr_line' id='line_1_8' title="bbox 299 729 799 809; baseline 0.002 -18"><span class='ocrx_word' id='word_1_20' title='bbox 299 729 338 792; x_wconf 86' lang='lat' dir='ltr'><strong>Ut</strong></span> <span class='ocrx_word' id='word_1_21' title='bbox 347 738 407 790; x_wconf 92' lang='lat' dir='ltr'><strong>tuto</strong></span> <span class='ocrx_word' id='word_1_22' title='bbox 421 730 456 790; x_wconf 89' lang='lat' dir='ltr'><strong>ah</strong></span> <span class='ocrx_word' id='word_1_23' title='bbox 475 731 542 790; x_wconf 84' lang='lat' dir='ltr'><strong>atris</strong></span> <span class='ocrx_word' id='word_1_24' title='bbox 554 747 677 809; x_wconf 89' lang='lat' dir='ltr'><strong>eorpore</strong></span> <span class='ocrx_word' id='word_1_25' title='bbox 690 733 799 809; x_wconf 79' lang='lat' dir='ltr'><strong>viperis</strong></span> 
     </span>
     <span class='ocr_line' id='line_1_9' title="bbox 297 813 890 892; baseline 0.005 -18"><span class='ocrx_word' id='word_1_26' title='bbox 297 813 457 875; x_wconf 86' lang='lat' dir='ltr'><strong>Dormirem</strong></span> <span class='ocrx_word' id='word_1_27' title='bbox 470 821 499 874; x_wconf 88' lang='lat' dir='ltr'><strong>et</strong></span> <span class='ocrx_word' id='word_1_28' title='bbox 509 815 594 890; x_wconf 83' lang='lat' dir='ltr'><strong>ursis,</strong></span> <span class='ocrx_word' id='word_1_29' title='bbox 607 823 637 874; x_wconf 94' lang='lat' dir='ltr'><strong>ut</strong></span> <span class='ocrx_word' id='word_1_30' title='bbox 653 829 799 892; x_wconf 84' lang='lat' dir='ltr'><strong>premerer</strong></span> <span class='ocrx_word' id='word_1_31' title='bbox 809 833 890 878; x_wconf 83' lang='lat' dir='ltr'><strong>saera</strong></span> 
     </span>
     <span class='ocr_line' id='line_1_10' title="bbox 348 896 783 976; baseline -0.002 -17"><span class='ocrx_word' id='word_1_32' title='bbox 348 897 498 976; x_wconf 78' lang='lat' dir='ltr'><strong>lauroque</strong></span> <span class='ocrx_word' id='word_1_33' title='bbox 510 896 669 976; x_wconf 81' lang='lat' dir='ltr'><strong>collataque</strong></span> <span class='ocrx_word' id='word_1_34' title='bbox 681 905 783 976; x_wconf 74' lang='lat' dir='ltr'><strong>myrto,</strong></span> 
     </span>
     <span class='ocr_line' id='line_1_11' title="bbox 402 979 862 1044; baseline 0.002 -2"><span class='ocrx_word' id='word_1_35' title='bbox 402 979 466 1042; x_wconf 88' lang='lat' dir='ltr'><strong>Non</strong></span> <span class='ocrx_word' id='word_1_36' title='bbox 478 983 539 1044; x_wconf 88' lang='lat' dir='ltr'><strong>sine</strong></span> <span class='ocrx_word' id='word_1_37' title='bbox 550 979 592 1040; x_wconf 89' lang='lat' dir='ltr'><strong>dis</strong></span> <span class='ocrx_word' id='word_1_38' title='bbox 604 983 746 1042; x_wconf 86' lang='lat' dir='ltr'><strong>animosus</strong></span> <span class='ocrx_word' id='word_1_39' title='bbox 762 981 862 1044; x_wconf 84' lang='lat' dir='ltr'><strong>inians.</strong></span> 
     </span>
    </p>
   </div>
   <div class='ocr_carea' id='block_1_7' title="bbox 295 1113 850 1444">
    <p class='ocr_par' dir='ltr' id='par_1_7' title="bbox 295 1113 848 1276">
     <span class='ocr_line' id='line_1_12' title="bbox 295 1113 848 1192; baseline 0.002 -16"><span class='ocrx_word' id='word_1_40' title='bbox 295 1115 408 1192; x_wconf 84' lang='lat' dir='ltr'><strong>Vester,</strong></span> <span class='ocrx_word' id='word_1_41' title='bbox 425 1113 576 1190; x_wconf 79' lang='lat' dir='ltr'><strong>Camenae,</strong></span> <span class='ocrx_word' id='word_1_42' title='bbox 592 1123 690 1174; x_wconf 80' lang='lat' dir='ltr'><strong>vester</strong></span> <span class='ocrx_word' id='word_1_43' title='bbox 703 1117 731 1174; x_wconf 93' lang='lat' dir='ltr'><strong>in</strong></span> <span class='ocrx_word' id='word_1_44' title='bbox 744 1115 848 1178; x_wconf 84' lang='lat' dir='ltr'><strong>arduos</strong></span> 
     </span>
     <span class='ocr_line' id='line_1_13' title="bbox 296 1197 834 1276; baseline -0.004 -15"><span class='ocrx_word' id='word_1_45' title='bbox 296 1198 394 1261; x_wconf 85' lang='lat' dir='ltr'><strong>&#39;lellor</strong></span> <span class='ocrx_word' id='word_1_46' title='bbox 405 1198 537 1274; x_wconf 84' lang='lat' dir='ltr'><strong>Sabinos,</strong></span> <span class='ocrx_word' id='word_1_47' title='bbox 553 1216 605 1258; x_wconf 89' lang='lat' dir='ltr'><strong>seu</strong></span> <span class='ocrx_word' id='word_1_48' title='bbox 618 1197 685 1258; x_wconf 90' lang='lat' dir='ltr'><strong>mihi</strong></span> <span class='ocrx_word' id='word_1_49' title='bbox 695 1198 834 1276; x_wconf 77' lang='lat' dir='ltr'><strong>frigidum-</strong></span> 
     </span>
    </p>

    <p class='ocr_par' dir='ltr' id='par_1_8' title="bbox 344 1280 850 1444">
     <span class='ocr_line' id='line_1_14' title="bbox 344 1280 808 1360; baseline 0.004 -18"><span class='ocrx_word' id='word_1_50' title='bbox 344 1282 499 1342; x_wconf 88' lang='lat' dir='ltr'><strong>Praeneste</strong></span> <span class='ocrx_word' id='word_1_51' title='bbox 510 1299 561 1340; x_wconf 86' lang='lat' dir='ltr'><strong>seu</strong></span> <span class='ocrx_word' id='word_1_52' title='bbox 573 1280 660 1342; x_wconf 86' lang='lat' dir='ltr'><strong>Tibur</strong></span> <span class='ocrx_word' id='word_1_53' title='bbox 678 1284 808 1360; x_wconf 87' lang='lat' dir='ltr'><strong>supinum</strong></span> 
     </span>
     <span class='ocr_line' id='line_1_15' title="bbox 401 1363 850 1444; baseline 0.009 -19"><span class='ocrx_word' id='word_1_54' title='bbox 401 1366 459 1425; x_wconf 89' lang='lat' dir='ltr'><strong>Seu</strong></span> <span class='ocrx_word' id='word_1_55' title='bbox 469 1363 594 1444; x_wconf 81' lang='lat' dir='ltr'><strong>liquidae</strong></span> <span class='ocrx_word' id='word_1_56' title='bbox 605 1365 740 1443; x_wconf 80' lang='lat' dir='ltr'><strong>placuere</strong></span> <span class='ocrx_word' id='word_1_57' title='bbox 754 1365 850 1430; x_wconf 86' lang='lat' dir='ltr'><strong>Baiae.</strong></span> 
     </span>
    </p>
   </div>
   <div class='ocr_carea' id='block_1_8' title="bbox 289 1497 856 1663">
    <p class='ocr_par' dir='ltr' id='par_1_9' title="bbox 289 1497 856 1663">
     <span class='ocr_line' id='line_1_16' title="bbox 289 1497 813 1561; baseline 0.004 -3"><span class='ocrx_word' id='word_1_58' title='bbox 289 1498 399 1561; x_wconf 78' lang='lat' dir='ltr'><strong>vesnia</strong></span> <span class='ocrx_word' id='word_1_59' title='bbox 411 1502 530 1560; x_wconf 85' lang='lat' dir='ltr'><strong>amioum</strong></span> <span class='ocrx_word' id='word_1_60' title='bbox 540 1497 665 1560; x_wconf 86' lang='lat' dir='ltr'><strong>lontibus</strong></span> <span class='ocrx_word' id='word_1_61' title='bbox 678 1508 707 1559; x_wconf 92' lang='lat' dir='ltr'><strong>et</strong></span> <span class='ocrx_word' id='word_1_62' title='bbox 718 1499 813 1560; x_wconf 84' lang='lat' dir='ltr'><strong>ohoris</strong></span> 
     </span>
     <span class='ocr_line' id='line_1_17' title="bbox 294 1581 856 1663; baseline 0.002 -20"><span class='ocrx_word' id='word_1_63' title='bbox 294 1582 358 1643; x_wconf 84' lang='lat' dir='ltr'><strong>Non</strong></span> <span class='ocrx_word' id='word_1_64' title='bbox 369 1603 415 1645; x_wconf 89' lang='lat' dir='ltr'><strong>me</strong></span> <span class='ocrx_word' id='word_1_65' title='bbox 426 1581 564 1662; x_wconf 85' lang='lat' dir='ltr'><strong>Philippis</strong></span> <span class='ocrx_word' id='word_1_66' title='bbox 577 1601 661 1644; x_wconf 85' lang='lat' dir='ltr'><strong>versa</strong></span> <span class='ocrx_word' id='word_1_67' title='bbox 675 1585 753 1643; x_wconf 89' lang='lat' dir='ltr'><strong>aeies</strong></span> <span class='ocrx_word' id='word_1_68' title='bbox 768 1594 856 1663; x_wconf 88' lang='lat' dir='ltr'><strong>retro,</strong></span> 
     </span>
    </p>
   </div>
   <div class='ocr_carea' id='block_1_9' title="bbox 346 1667 821 1812">
    <p class='ocr_par' dir='ltr' id='par_1_10' title="bbox 346 1667 821 1812">
     <span class='ocr_line' id='line_1_18' title="bbox 346 1667 784 1745; baseline 0.002 -18"><span class='ocrx_word' id='word_1_69' title='bbox 346 1667 457 1728; x_wconf 85' lang='lat' dir='ltr'><strong>Devota</strong></span> <span class='ocrx_word' id='word_1_70' title='bbox 472 1685 529 1728; x_wconf 93' lang='lat' dir='ltr'><strong>non</strong></span> <span class='ocrx_word' id='word_1_71' title='bbox 543 1668 676 1728; x_wconf 85' lang='lat' dir='ltr'><strong>exstinxit</strong></span> <span class='ocrx_word' id='word_1_72' title='bbox 689 1667 784 1745; x_wconf 86' lang='lat' dir='ltr'><strong>arbos,</strong></span> 
     </span>
     <span class='ocr_line' id='line_1_19' title="bbox 397 1748 821 1812; baseline 0.005 -2"><span class='ocrx_word' id='word_1_73' title='bbox 397 1750 460 1810; x_wconf 82' lang='lat' dir='ltr'><strong>Neo</strong></span> <span class='ocrx_word' id='word_1_74' title='bbox 474 1749 568 1811; x_wconf 83' lang='lat' dir='ltr'><strong>Sicula</strong></span> <span class='ocrx_word' id='word_1_75' title='bbox 582 1748 726 1812; x_wconf 86' lang='lat' dir='ltr'><strong>Palinurus</strong></span> <span class='ocrx_word' id='word_1_76' title='bbox 738 1750 821 1812; x_wconf 88' lang='lat' dir='ltr'><strong>unda.</strong></span> 
     </span>
    </p>
   </div>
   <div class='ocr_carea' id='block_1_10' title="bbox 289 1883 838 2212">
    <p class='ocr_par' dir='ltr' id='par_1_11' title="bbox 289 1883 838 2212">
     <span class='ocr_line' id='line_1_20' title="bbox 292 1883 838 1964; baseline 0.004 -20"><span class='ocrx_word' id='word_1_77' title='bbox 292 1884 441 1964; x_wconf 81' lang='lat' dir='ltr'><strong>Utcunque</strong></span> <span class='ocrx_word' id='word_1_78' title='bbox 453 1903 563 1944; x_wconf 85' lang='lat' dir='ltr'><strong>meeum</strong></span> <span class='ocrx_word' id='word_1_79' title='bbox 576 1903 630 1944; x_wconf 89' lang='lat' dir='ltr'><strong>vos</strong></span> <span class='ocrx_word' id='word_1_80' title='bbox 642 1886 731 1961; x_wconf 89' lang='lat' dir='ltr'><strong>eritis,</strong></span> <span class='ocrx_word' id='word_1_81' title='bbox 746 1883 838 1946; x_wconf 86' lang='lat' dir='ltr'><strong>libens</strong></span> 
     </span>
     <span class='ocr_line' id='line_1_21' title="bbox 289 1966 757 2047; baseline -0.002 -19"><span class='ocrx_word' id='word_1_82' title='bbox 289 1966 477 2029; x_wconf 84' lang='lat' dir='ltr'><strong>Insanientem</strong></span> <span class='ocrx_word' id='word_1_83' title='bbox 488 1971 581 2029; x_wconf 82' lang='lat' dir='ltr'><strong>navita</strong></span> <span class='ocrx_word' id='word_1_84' title='bbox 598 1967 757 2047; x_wconf 83' lang='lat' dir='ltr'><strong>Bosporum</strong></span> 
     </span>
     <span class='ocr_line' id='line_1_22' title="bbox 345 2049 753 2112; baseline 0 -2"><span class='ocrx_word' id='word_1_85' title='bbox 345 2049 471 2112; x_wconf 86' lang='lat' dir='ltr'><strong>Tentaho</strong></span> <span class='ocrx_word' id='word_1_86' title='bbox 485 2061 514 2111; x_wconf 88' lang='lat' dir='ltr'><strong>et</strong></span> <span class='ocrx_word' id='word_1_87' title='bbox 524 2059 638 2112; x_wconf 87' lang='lat' dir='ltr'><strong>urentes</strong></span> <span class='ocrx_word' id='word_1_88' title='bbox 654 2069 753 2112; x_wconf 87' lang='lat' dir='ltr'><strong>arenas</strong></span> 
     </span>
     <span class='ocr_line' id='line_1_23' title="bbox 395 2135 732 2212; baseline -0.003 -16"><span class='ocrx_word' id='word_1_89' title='bbox 395 2135 497 2198; x_wconf 89' lang='lat' dir='ltr'><strong>Litoris</strong></span> <span class='ocrx_word' id='word_1_90' title='bbox 506 2135 617 2212; x_wconf 77' lang='lat' dir='ltr'><strong>Assyrii</strong></span> <span class='ocrx_word' id='word_1_91' title='bbox 627 2138 732 2204; x_wconf 68' lang='lat' dir='ltr'><strong>piaton</strong></span> 
     </span>
    </p>
   </div>
   <div class='ocr_carea' id='block_1_11' title="bbox 289 2269 897 2598">
    <p class='ocr_par' dir='ltr' id='par_1_12' title="bbox 289 2269 894 2518">
     <span class='ocr_line' id='line_1_24' title="bbox 289 2269 813 2348; baseline 0 -18"><span class='ocrx_word' id='word_1_92' title='bbox 289 2271 385 2332; x_wconf 82' lang='lat' dir='ltr'><strong>Visam</strong></span> <span class='ocrx_word' id='word_1_93' title='bbox 396 2270 543 2331; x_wconf 76' lang='lat' dir='ltr'><strong>Britannos</strong></span> <span class='ocrx_word' id='word_1_94' title='bbox 558 2269 718 2348; x_wconf 86' lang='lat' dir='ltr'><strong>hospitibus</strong></span> <span class='ocrx_word' id='word_1_95' title='bbox 735 2269 813 2330; x_wconf 86' lang='lat' dir='ltr'><strong>leros</strong></span> 
     </span>
     <span class='ocr_line' id='line_1_25' title="bbox 289 2351 894 2433; baseline 0 -17"><span class='ocrx_word' id='word_1_96' title='bbox 289 2354 326 2416; x_wconf 84' lang='lat' dir='ltr'><strong>Bt</strong></span> <span class='ocrx_word' id='word_1_97' title='bbox 338 2354 442 2415; x_wconf 82' lang='lat' dir='ltr'><strong>laetum</strong></span> <span class='ocrx_word' id='word_1_98' title='bbox 452 2357 557 2433; x_wconf 90' lang='lat' dir='ltr'><strong>equino</strong></span> <span class='ocrx_word' id='word_1_99' title='bbox 570 2355 706 2432; x_wconf 81' lang='lat' dir='ltr'><strong>sanguine</strong></span> <span class='ocrx_word' id='word_1_100' title='bbox 719 2351 894 2426; x_wconf 73' lang='lat' dir='ltr'><strong>Goneanutm</strong></span> 
     </span>
     <span class='ocr_line' id='line_1_26' title="bbox 309 2436 756 2518; baseline -0.002 -21"><span class='ocrx_word' id='word_1_101' title='bbox 309 2449 311 2452; x_wconf 83' lang='grc'><strong><em>·</em></strong></span> <span class='ocrx_word' id='word_1_102' title='bbox 330 2438 426 2498; x_wconf 82' lang='lat' dir='ltr'><strong>Visam</strong></span> <span class='ocrx_word' id='word_1_103' title='bbox 442 2439 619 2518; x_wconf 80' lang='lat' dir='ltr'><strong>pharetratos</strong></span> <span class='ocrx_word' id='word_1_104' title='bbox 630 2436 756 2498; x_wconf 87' lang='lat' dir='ltr'><strong>Gelonos</strong></span> 
     </span>
    </p>

    <p class='ocr_par' dir='ltr' id='par_1_13' title="bbox 391 2519 897 2598">
     <span class='ocr_line' id='line_1_27' title="bbox 391 2519 897 2598; baseline 0.006 -17"><span class='ocrx_word' id='word_1_105' title='bbox 391 2519 428 2581; x_wconf 85' lang='lat' dir='ltr'><strong>Et</strong></span> <span class='ocrx_word' id='word_1_106' title='bbox 443 2521 607 2598; x_wconf 75' lang='lat' dir='ltr'><strong>Scythicum</strong></span> <span class='ocrx_word' id='word_1_107' title='bbox 617 2520 766 2582; x_wconf 87' lang='lat' dir='ltr'><strong>inviolatus</strong></span> <span class='ocrx_word' id='word_1_108' title='bbox 778 2539 897 2584; x_wconf 88' lang='lat' dir='ltr'><strong>amnem.</strong></span> 
     </span>
    </p>
   </div>
   <div class='ocr_carea' id='block_1_12' title="bbox 287 2653 830 2732">
    <p class='ocr_par' dir='ltr' id='par_1_14' title="bbox 287 2653 830 2732">
     <span class='ocr_line' id='line_1_28' title="bbox 287 2653 830 2732; baseline 0.009 -19"><span class='ocrx_word' id='word_1_109' title='bbox 287 2653 347 2716; x_wconf 89' lang='lat' dir='ltr'><strong>Vos</strong></span> <span class='ocrx_word' id='word_1_110' title='bbox 366 2653 624 2732; x_wconf 68' lang='lat' dir='ltr'><strong>chemenaten,</strong></span> <span class='ocrx_word' id='word_1_111' title='bbox 640 2655 737 2718; x_wconf 89' lang='lat' dir='ltr'><strong>militia</strong></span> <span class='ocrx_word' id='word_1_112' title='bbox 748 2657 830 2718; x_wconf 88' lang='lat' dir='ltr'><strong>simul</strong></span> 
     </span>
    </p>
   </div>
   <div class='ocr_carea' id='block_1_13' title="bbox 221 2731 795 2818">
    <p class='ocr_par' dir='ltr' id='par_1_15' title="bbox 221 2731 795 2818">
     <span class='ocr_line' id='line_1_29' title="bbox 221 2731 795 2818; baseline 0.005 -21"><span class='ocrx_word' id='word_1_113' title='bbox 221 2731 223 2740; x_wconf 76' lang='grc'>’</span> <span class='ocrx_word' id='word_1_114' title='bbox 287 2736 393 2799; x_wconf 77' lang='lat' dir='ltr'><strong>Bessus</strong></span> <span class='ocrx_word' id='word_1_115' title='bbox 409 2741 542 2800; x_wconf 77' lang='lat' dir='ltr'><strong>cohortes</strong></span> <span class='ocrx_word' id='word_1_116' title='bbox 554 2738 659 2800; x_wconf 87' lang='lat' dir='ltr'><strong>abdidit</strong></span> <span class='ocrx_word' id='word_1_117' title='bbox 670 2739 795 2818; x_wconf 89' lang='lat' dir='ltr'><strong>oppidis,</strong></span> 
     </span>
    </p>
   </div>
   <div class='ocr_carea' id='block_1_14' title="bbox 337 2821 759 2968">
    <p class='ocr_par' dir='ltr' id='par_1_16' title="bbox 337 2821 759 2968">
     <span class='ocr_line' id='line_1_30' title="bbox 337 2821 759 2902; baseline 0 -20"><span class='ocrx_word' id='word_1_118' title='bbox 337 2821 432 2883; x_wconf 82' lang='lat' dir='ltr'><strong>Binire</strong></span> <span class='ocrx_word' id='word_1_119' title='bbox 443 2831 625 2902; x_wconf 85' lang='lat' dir='ltr'><strong>quaerentem</strong></span> <span class='ocrx_word' id='word_1_120' title='bbox 635 2823 759 2900; x_wconf 87' lang='lat' dir='ltr'><strong>labores,</strong></span> 
     </span>
     <span class='ocr_line' id='line_1_31' title="bbox 391 2904 735 2968; baseline 0 -2"><span class='ocrx_word' id='word_1_121' title='bbox 391 2904 484 2966; x_wconf 87' lang='lat' dir='ltr'><strong>Pierio</strong></span> <span class='ocrx_word' id='word_1_122' title='bbox 496 2907 633 2967; x_wconf 78' lang='lat' dir='ltr'><strong>recreatis</strong></span> <span class='ocrx_word' id='word_1_123' title='bbox 645 2915 735 2968; x_wconf 83' lang='lat' dir='ltr'><strong>antro.</strong></span> 
     </span>
    </p>
   </div>
   <div class='ocr_carea' id='block_1_15' title="bbox 285 3037 844 3287">
    <p class='ocr_par' dir='ltr' id='par_1_17' title="bbox 285 3037 844 3287">
     <span class='ocr_line' id='line_1_32' title="bbox 285 3037 828 3101; baseline 0.004 -3"><span class='ocrx_word' id='word_1_124' title='bbox 285 3039 345 3099; x_wconf 86' lang='lat' dir='ltr'><strong>Vos</strong></span> <span class='ocrx_word' id='word_1_125' title='bbox 357 3037 423 3100; x_wconf 86' lang='lat' dir='ltr'><strong>lene</strong></span> <span class='ocrx_word' id='word_1_126' title='bbox 439 3039 586 3100; x_wconf 88' lang='lat' dir='ltr'><strong>eonsilium</strong></span> <span class='ocrx_word' id='word_1_127' title='bbox 598 3049 628 3100; x_wconf 92' lang='lat' dir='ltr'><strong>et</strong></span> <span class='ocrx_word' id='word_1_128' title='bbox 639 3039 710 3101; x_wconf 83' lang='lat' dir='ltr'><strong>datis</strong></span> <span class='ocrx_word' id='word_1_129' title='bbox 722 3047 751 3100; x_wconf 91' lang='lat' dir='ltr'><strong>et</strong></span> <span class='ocrx_word' id='word_1_130' title='bbox 763 3039 828 3101; x_wconf 83' lang='lat' dir='ltr'><strong>dato</strong></span> 
     </span>
     <span class='ocr_line' id='line_1_33' title="bbox 286 3120 844 3202; baseline 0.002 -20"><span class='ocrx_word' id='word_1_131' title='bbox 286 3120 429 3200; x_wconf 81' lang='lat' dir='ltr'><strong>Gaudetis,</strong></span> <span class='ocrx_word' id='word_1_132' title='bbox 445 3123 544 3184; x_wconf 90' lang='lat' dir='ltr'><strong>almae.</strong></span> <span class='ocrx_word' id='word_1_133' title='bbox 567 3125 688 3201; x_wconf 82' lang='lat' dir='ltr'><strong>Scimus,</strong></span> <span class='ocrx_word' id='word_1_134' title='bbox 699 3133 730 3184; x_wconf 93' lang='lat' dir='ltr'><strong>ut</strong></span> <span class='ocrx_word' id='word_1_135' title='bbox 741 3125 844 3202; x_wconf 89' lang='lat' dir='ltr'><strong>impios</strong></span> 
     </span>
     <span class='ocr_line' id='line_1_34' title="bbox 335 3205 786 3287; baseline 0.004 -21"><span class='ocrx_word' id='word_1_136' title='bbox 335 3205 446 3266; x_wconf 84' lang='lat' dir='ltr'><strong>Titanas</strong></span> <span class='ocrx_word' id='word_1_137' title='bbox 457 3209 660 3287; x_wconf 88' lang='lat' dir='ltr'><strong>immanemque</strong></span> <span class='ocrx_word' id='word_1_138' title='bbox 670 3217 786 3268; x_wconf 83' lang='lat' dir='ltr'><strong>turmam</strong></span> 
     </span>
    </p>
   </div>
   <div class='ocr_carea' id='block_1_16' title="bbox 390 3287 932 3368">
    <p class='ocr_par' dir='ltr' id='par_1_18' title="bbox 390 3287 932 3368">
     <span class='ocr_line' id='line_1_35' title="bbox 390 3287 932 3368; baseline 0.006 -20"><span class='ocrx_word' id='word_1_139' title='bbox 390 3287 517 3351; x_wconf 85' lang='lat' dir='ltr'><strong>Fulmina</strong></span> <span class='ocrx_word' id='word_1_140' title='bbox 530 3290 674 3352; x_wconf 88' lang='lat' dir='ltr'><strong>sustulerit</strong></span> <span class='ocrx_word' id='word_1_141' title='bbox 690 3290 809 3368; x_wconf 74' lang='lat' dir='ltr'><strong>erduno,</strong></span> <span class='ocrx_word' id='word_1_142' title='bbox 930 3311 932 3318; x_wconf 67' lang='grc'>’</span> 
     </span>
    </p>
   </div>
   <div class='ocr_carea' id='block_1_17' title="bbox 1009 179 1254 285">
    <p class='ocr_par' dir='ltr' id='par_1_19' title="bbox 1009 179 1254 285">
     <span class='ocr_line' id='line_1_36' title="bbox 1009 179 1254 285; baseline 0.016 -23"><span class='ocrx_word' id='word_1_143' title='bbox 1009 206 1122 285; x_wconf 74' lang='lat' dir='ltr'><strong>[oua]</strong></span> <span class='ocrx_word' id='word_1_144' title='bbox 1253 179 1254 188; x_wconf 14' lang='grc' dir='ltr'><strong><em>Ν</em></strong></span> 
     </span>
    </p>
   </div>
   <div class='ocr_carea' id='block_1_18' title="bbox 0 0 1272 3986">
    <p class='ocr_par' dir='ltr' id='par_1_20' title="bbox 0 0 1272 3986">
     <span class='ocr_line' id='line_1_37' title="bbox 0 0 1272 3986; baseline 0 3"><span class='ocrx_word' id='word_1_145' title='bbox 0 0 1272 3986; x_wconf 95' lang='lat' dir='ltr'><strong> </strong></span> 
     </span>
    </p>
   </div>
  </div>
 </body>
</html>
