2536 3986
145 197 261 282 [oum.
276 205 331 280 η]
538 197 649 258 LIBER
663 199 714 266 uu
1075 197 1117 261 73

299 351 370 430 „ile
383 353 680 430 petersoevisoneret
695 353 813 430 catenis,
1001 405 1002 409 ,
1074 351 1115 415 45

274 481 284 494 ,
299 434 410 514 „Quod
420 437 482 495 viro
498 434 623 503 olenrens
637 437 741 494 misero
753 436 887 513 peperoi;

298 519 369 597 „ue
381 519 428 579 vel
440 527 582 578 extremos
594 517 772 578 Numidarum
785 521 813 578 in
827 536 912 597 egros

350 600 476 679 „Classe
487 601 608 680 releget.

301 752 350 831 „1‚
366 751 455 832 pedes
467 765 525 830 quo
539 761 567 811 te
577 753 688 829 rapiunt
700 761 729 811 et
744 769 838 827 auree,

301 835 398 917 „Dum
410 837 487 897 levet
497 853 555 896 nox
567 845 595 896 et
611 835 726 914 Venus;
747 836 756 894 i
772 834 897 896 seeundo
1073 839 1113 900 50

301 920 435 998 ‚,0mine,
453 928 482 980 et
496 921 586 979 nostri
597 937 751 981 memorem
766 917 899 996 sepuloro

351 1004 479 1083 „Soelpe
494 1003 686 1083 querelem.“'
766 1023 767 1026 ¹

555 1227 704 1236 .—--—-—-

527 1355 626 1410 omn
644 1353 727 1434 xrs.

348 1455 353 1466 ’
440 1487 499 1540 un
539 1487 829 1545 unonunnm

235 1656 401 1720 Miserarum
420 1669 464 1720 est
484 1677 578 1738 neque
594 1661 687 1720 emori
698 1659 765 1719 dore
779 1655 874 1719 ludum
888 1653 983 1737 neque
996 1657 1071 1718 dulei
1137 1691 1140 1702 ι

236 1742 310 1802 liele
320 1745 386 1803 vino
399 1743 505 1820 levore,
523 1753 570 1803 eut
585 1745 736 1807 exanimari
751 1751 909 1803 metuentes

188 1837 192 1844 “
303 1825 555 1905 Patrueoverlrera
568 1825 693 1905 linguae.

236 1977 298 2040 libi
311 1975 422 2056 qualum
434 1977 593 2054 Cythereae
605 1995 676 2055 puer
682 1957 757 2054 'ales,
770 1977 820 2047 tihi
837 1974 909 2035 telas
976 1968 978 1972 ’

238 2061 444 2140 Operoseoque
458 2061 603 2121 Minervae
615 2059 736 2120 studium
752 2059 853 2136 aufert,
866 2058 1006 2136 Neobule,
1094 2059 1112 2121 5

303 2144 415 2222 Liparei
429 2147 504 2204 nitor
513 2142 612 2222 Hebri,

237 2295 325 2356 Simul
337 2303 438 2356 unetos
450 2293 590 2367 Tiberinis
602 2295 734 2354 humeros
750 2292 818 2354 levit
829 2295 857 2352 in
868 2291 961 2368 undis,

236 2379 335 2459 Eques
345 2381 409 2456 ipso
421 2378 523 2438 melior
533 2377 767 2456 Bellerophonte,
779 2393 873 2453 neque
885 2392 981 2455 pugno

305 2463 407 2542 Neque
419 2465 501 2542 segni
518 2462 591 2540 pede
602 2465 706 2538 vietus,

237 2612 323 2674 Cetus
334 2612 408 2674 idem
419 2631 472 2702 per
482 2623 610 2692 opertum
620 2614 763 2692 fugientes
777 2613 881 2690 agitato
932 2621 938 2630 ¹
1074 2611 1113 2672 10

237 2696 332 2776 Grege
344 2714 447 2757 oervos
459 2695 585 2775 iaculari,
602 2707 630 2758 et
641 2695 720 2758 oeler
728 2705 791 2760 arto
799 2694 952 2756 latitantem

301 2779 446 2841 Frutioeto
458 2785 598 2860 excipere
610 2799 717 2862 aprum.

554 3093 700 3104 —-.—-
