2536 3986
101 247 165 325 [on.
179 249 221 304 m.
234 245 287 320 m]
490 236 662 300 nrnnnrv.

251 392 292 454 Te
303 410 359 453 non
371 393 610 470 parentis‘iunera
623 391 730 464 Galliae

249 477 402 554 Duraeque
413 476 497 535 tellus
509 475 585 536 audit
597 475 740 550 Hiberiae,

286 617 290 624 .
305 559 345 621 Te
357 559 446 620 oeede
461 560 618 636 gaudentes
631 559 776 637 Sygambri

321 663 323 667 ’
342 642 698 720 compostusveneramur
708 645 801 702 amnis.

504 819 649 830 ——--

485 937 585 1025 enm
603 967 688 1024 xv„

318 1077 493 1130 eunsnnrs
510 1076 675 1129 nuousur
693 1075 844 1128 nnunns.

249 1188 382 1250 Phoebus
392 1188 536 1249 volentem
547 1187 658 1265 proelia
667 1206 712 1246 me
724 1186 802 1265 loqui

249 1273 346 1334 Viotas
359 1281 387 1332 et
398 1272 484 1332 urbes
496 1274 636 1350 increpuit
644 1270 715 1348 lyra,

300 1356 345 1416 Ne
356 1374 442 1434 parva
454 1355 627 1431 Tyrrhenum
638 1372 690 1432 per
701 1370 809 1433 aequor

341 1436 413 1499 Vela
425 1437 528 1499 darem.
573 1437 646 1516 Tua,
661 1435 785 1516 Caesar,
796 1448 873 1500 aetas

249 1562 359 1642 Fruges
372 1571 400 1623 et
410 1565 486 1642 agris
497 1563 592 1624 retulit
603 1564 717 1640 uberes,

249 1646 286 1708 Et
297 1649 377 1724 signa
387 1655 485 1708 nostro
497 1649 618 1708 restituit
628 1647 690 1708 lovi

292 1731 418 1809 Darepta
429 1729 591 1791 Parthorum
605 1731 737 1810 superbis

342 1812 485 1892 Postibus,
498 1824 527 1875 et
536 1833 655 1875 vaenum
668 1815 769 1875 duellis

251 1937 347 1998 Ianum
359 1938 468 2011 Quirini
487 1939 598 2016 elausit,
612 1949 640 1999 et
652 1941 778 2000 ordinem

250 2021 370 2081 Rectum
381 2024 511 2100 evaganti
522 2023 602 2082 irena
612 2023 744 2084 licentiae

232 2145 239 2158 ,
300 2103 411 2181 lnieoit,
425 2108 586 2185 emovitque
599 2106 698 2184 eulpas

279 2246 281 2252 .
345 2186 760 2269 Etveteresrevooavitartes,

251 2311 306 2372 Per
317 2330 387 2391 quas
398 2311 524 2372 Latinum
535 2328 638 2372 nomen
650 2323 678 2373 et
692 2312 779 2375 Italae

231 2441 235 2456 .
253 2395 379 2458 crevere
389 2397 467 2456 uiros
477 2395 606 2475 famaque
619 2405 647 2456 et
665 2399 764 2475 imperi

302 2477 435 2540 Purreota
445 2482 577 2540 maiestas
588 2481 623 2540 ad
635 2489 725 2540 ortum

347 2563 469 2624 Soiisab
481 2563 621 2642 Hesperio
642 2564 736 2624 cubili.
856 2568 859 2574 '

248 2686 379 2756 ,Custode
389 2707 482 2748 rerum
494 2687 618 2750 Caesare
630 2706 686 2749 non
698 2690 776 2749 iuror

254 2771 689 2850 Ciuilisautriserimetotium‚
854 2777 859 2784 '

303 2856 370 2916 Non
378 2858 431 2932 ira,
443 2875 516 2934 quae
527 2857 659 2935 procudit
670 2875 754 2918 enses

344 2939 382 3001 Et
391 2942 509 3000 miseras
520 2943 643 3002 inimicat
654 2942 748 3002 urbes.

252 3065 326 3142 Non,
341 3068 388 3144 qui
400 3065 569 3143 profundum
579 3065 737 3126 Danubium
748 3066 854 3147 bibunt,

252 3149 353 3211 Edicta
364 3158 493 3227 rumpent
507 3149 588 3226 Iulia,
601 3169 657 3209 non
669 3147 767 3226 Getae,

304 3231 369 3294 Non
383 3233 468 3293 Seres
487 3232 601 3294 iniidive
612 3232 726 3309 Persae,

345 3317 409 3378 Nun
421 3317 525 3378 Tanain
537 3333 627 3397 prope
639 3316 741 3376 flumen
752 3319 815 3377 orti.
