2526 3986
519 197 780 261 sersromuuu
961 203 1062 280 [spus.
1075 203 1132 280 rs]

474 396 720 458 mrnsmonn
737 403 822 474 ΧΠ.
842 433 847 446 -

504 507 561 561 nc
591 509 785 562 rcc1um.

245 631 394 692 Fructibus
406 630 554 709 Agrippae
565 624 688 705 Siculis,
709 647 783 709 quos
793 628 925 707 colligis,
943 628 1013 708 loci,

245 715 366 777 Sirectc
376 696 495 792 frueris,
511 731 568 774 non
580 723 666 774 estut
677 716 760 791 copia
773 715 862 774 maior

243 799 287 860 Ab
299 797 369 859 love
381 799 477 859 donari
489 801 581 878 possit
592 798 653 858 tibi.
676 797 758 858 'folle
770 796 914 876 querelas:

243 883 354 962 Pauper
364 885 437 944 enim
448 899 504 944 non
516 878 576 958 est,
594 885 639 941 cui
653 900 746 942 remm
759 883 886 960 suppetit
896 898 975 941 usus.

65 1025 67 1035 ,
102 943 104 947 .
201 969 220 1028 b
244 968 274 1028 Si
288 969 377 1027 ventri
389 966 479 1042 bene,
497 968 522 1026 si
534 966 615 1027 lateri
627 975 671 1026 est
683 966 860 1044 pedibusque
871 967 943 1042 tuis,
960 963 1000 1024 nil

243 1051 365 1111 Divitiae
377 1058 508 1129 poterunt
517 1048 631 1128 regales
642 1049 747 1111 addere
753 1053 860 1114 maius..

244 1136 274 1195 Si
285 1136 376 1211 forte,
399 1133 531 1195 inmedio
547 1136 703 1212 positorum
716 1134 884 1210 abstemius,
903 1131 1001 1194 herbis

242 1197 322 1278 Vivis
335 1228 363 1277 et
373 1219 538 1294 urtica,sie
547 1219 629 1278 vives
641 1220 783 1296 protinus,
797 1226 878 1278 utte-
1043 1231 1045 1234 ·

244 1301 400 1363 contessum
411 1301 534 1380 liquidus
546 1303 675 1361 fortunae
685 1305 763 1365 nvos
773 1305 890 1378 inauret,
953 1341 956 1349 ,

176 1387 221 1450 ‘10
240 1385 295 1446 Vel
307 1389 372 1464 quia
386 1395 510 1445 naturam
521 1394 627 1448 mutare
633 1389 759 1464 pecunia
769 1388 872 1462 nescit,

175 1492 177 1498 ¹
240 1469 296 1530 Vei
311 1473 376 1549 quia
392 1478 491 1529 cuncta
503 1479 584 1547 putas
596 1489 650 1530 nna
659 1472 763 1530 uirtute
773 1471 890 1532 rainora.

241 1553 390 1629 Miramur,
407 1555 433 1612 si
443 1553 598 1613 Democriti
612 1570 702 1632 pecus
716 1554 773 1614 edit
784 1553 894 1631 agellos
960 1588 962 1601 ι

242 1636 398 1716 Cultaque,
419 1632 483 1696 dnm
495 1655 616 1716 peregre
636 1648 680 1696 est
696 1640 802 1697 animus
815 1640 876 1697 sinc
889 1655 1011 1721 corpore
1022 1638 1126 1711 velox;

241 1719 312 1783 cnm
323 1731 352 1781 tu
363 1723 436 1780 inter
446 1722 571 1781 scabiem
581 1731 683 1781 tantam
695 1730 723 1781 et
735 1724 866 1800 contagia
876 1720 947 1782 lucri

179 1811 218 1872 15
240 1804 287 1866 Nil
299 1823 413 1883 parvum
426 1805 519 1882 sapias
533 1815 561 1865 ct
573 1806 664 1867 adbuc
676 1806 805 1866 sublimia
818 1823 915 1866 cures:
931 1843 936 1850 -

237 1889 321 1962 Quae
332 1907 408 1950 mare
420 1898 602 1968 compescant
614 1905 730 1968 causae,
750 1889 817 1968 quid
830 1899 969 1968 temperet
980 1907 1093 1967 annum,

239 1973 345 2033 Stellae
356 1983 458 2051 sponte
470 1991 520 2032 sua
531 1975 663 2034 iussaene
673 1983 811 2052 vagentur
822 1983 851 2032 et
865 1982 978 2050 errent,

239 2056 315 2130 Quid
326 2066 434 2135 premat
445 2056 596 2117 obscurum
612 2056 721 2135 Lunae,
739 2057 806 2136 quid
817 2057 943 2135 proferat
955 2057 1064 2134 orbem,

240 2140 314 2213 Quid
324 2140 395 2200 velit
406 2149 435 2200 et
445 2143 537 2218 possit
548 2159 640 2202 rerum
652 2141 803 2201 concordia
818 2142 937 2216 discors,

176 2231 217 2293 20
237 2224 429 2304 Empedocles
441 2243 475 2285 an
486 2225 646 2285 Stertinium
658 2225 758 2286 deliret
769 2223 908 2286 acumen?

236 2308 341 2368 Verum
354 2327 405 2368 seu
417 2311 513 2387 pisces
525 2327 576 2368 seu
589 2324 701 2388 porrum
714 2319 742 2368 et
757 2327 846 2387 caepe
857 2307 991 2385 trucidas,

226 2391 324 2453 ‘Utere
335 2391 471 2470 Pompeio
484 2391 615 2471 Grospho
628 2402 670 2470 et,
687 2395 711 2452 si
724 2393 791 2472 quid
802 2403 894 2472 petet,
908 2392 981 2452 uitro

236 2475 340 2560 Defer:
357 2477 396 2536 nil
409 2475 554 2554 Grosphus
566 2480 620 2538 nisi
631 2497 729 2538 verum
741 2479 831 2538 orabit
843 2486 871 2536 ct
879 2495 1011 2555 ¹aequum.

236 2558 307 2619 Vilis
319 2563 471 2620 amicorum
484 2571 528 2622 est
539 2579 663 2639 annona,
681 2563 764 2622 bonis
775 2562 823 2620 nbi
838 2560 904 2641 quid
916 2559 1007 2620 deest.

174 2645 213 2706 25
235 2642 280 2703 Ne
291 2652 385 2704 tamen
396 2646 526 2724 ignores,
548 2662 604 2723 quo
616 2649 652 2705 sit
663 2645 865 2706 Romanaloco
878 2663 939 2705 res:

236 2725 377 2788 Cantaber
386 2727 548 2806 Agrippae,
569 2727 668 2790 Claudi
681 2732 783 2790 virtute
795 2727 916 2790 Neronis

233 2810 383 2872 Armenius
399 2813 516 2881 cecidit;
535 2814 578 2871 ius
590 2815 796 2893 imperiumque
805 2811 938 2874 Phraates

228 2891 366 2962 ,Caesaris
381 2898 494 2976 accepit
504 2897 625 2973 genibus
641 2900 744 2968 minam
759 2915 845 2957 aurea
856 2897 954 2975 iruges
976 2947 980 2956 ,

234 2975 330 3042 ltaliae
343 2979 429 3059 pleno
441 2979 567 3039 defundit
580 2978 670 3059 Copia
682 2998 779 3042 cornu.

558 3219 704 3228 ——mtm
