2536 3986
115 219 178 296 [ou
195 218 235 298 n]

503 213 613 274 LIBER
628 213 676 274 lV.

268 367 373 428 Videre
384 367 483 435 Raetis
494 367 569 427 bolla
580 366 632 427 sub
642 366 763 444 Alpibus

267 451 390 512 Drusum
401 436 548 533 gerenterr‘r
556 448 710 518 Vindeliei;
724 485 735 498 -
748 452 850 530 quibus

274 574 276 584 ·
316 533 381 595 llos
396 534 470 594 unde
480 533 619 593 deductus
632 549 684 610 per
697 550 780 594 omne

360 616 484 696 Tempus
494 617 648 696 Amazonia
663 619 756 676 seeuri

236 735 238 738 ⁵
267 751 388 811 Dextras
403 752 547 828 obarmet‚
560 767 699 829 quaerore
712 750 816 828 distuli,
893 811 895 816 Α

221 857 228 874 ³
266 834 329 895 Neo
346 837 420 894 seire
434 836 476 895 las
489 843 533 894 est
544 837 650 904 omnim
661 867 672 879 ·
684 834 735 894 sed
750 832 796 894 diu
922 901 925 909 Α

316 916 441 997 lateque
451 921 727 980 victrices-oetervae
809 968 813 974 .

362 1001 495 1064 Consiliis
506 1003 617 1064 iuvenis
627 1003 752 1062 revictae
777 1003 809 1070 2

267 1127 406 1205 Sensere,
419 1127 486 1207 quid
500 1127 658 1204 memerito,
679 1125 746 1204 quid
757 1124 866 1186 indoles

266 1207 376 1271 Nutrita
388 1211 488 1272 faustis
501 1211 554 1270 sub
569 1210 762 1289 penetralibus
774 1253 777 1256 -

315 1292 434 1372 l’osset‚
448 1295 515 1375 quid
525 1294 647 1372 Augusti
658 1303 790 1372 paternus

359 1376 392 1439 ln
410 1395 517 1457 pueros
527 1380 635 1438 animus
646 1377 784 1438 Nerones.
883 1369 892 1378 ‘

266 1504 368 1565 Fortes
381 1499 511 1566 creantur
522 1504 643 1580 fortibus
654 1512 684 1562 et
694 1503 796 1570 bonis;

171 1675 175 1683 Ι
264 1587 317 1648 Est
327 1592 356 1649 in
368 1591 517 1666 iuvencis,
538 1595 582 1648 est
595 1590 623 1648 iu
635 1588 716 1665 equis
728 1593 835 1664 patrum
893 1617 901 1626 =

317 1673 423 1750 Virtus,
435 1691 529 1751 neque
541 1671 682 1732 imbellem
694 1671 808 1730 feroces
826 1705 830 1720 ·

358 1755 550 1835 Progeneraut
560 1755 671 1834 aquilae
687 1753 857 1823 columbam

266 1889 402 1950 Doctrina
412 1888 464 1949 sed
474 1891 530 1949 nim
545 1896 694 1968 promovet
706 1889 828 1965 insitam,

266 1968 798 2054 Reethueeultuspeptoraroboraut:
894 2045 896 2050 ι
919 1967 922 1974 ’

179 2071 184 2077 ·
315 2057 463 2132 Utcunque
475 2052 608 2128 defecere
619 2070 724 2131 mores,
757 2102 760 2108 .

343 2138 526 2200 Dedecorant
535 2139 610 2198 bene
624 2147 687 2198 nata
698 2137 811 2216 eulpae.

268 2273 343 2348 Quid
354 2273 478 2349 debeas,
497 2272 633 2348 oRoma‚
649 2263 819 2347 Neronibus,

266 2357 359 2418 'lestis
369 2355 525 2416 Metaurum
536 2355 640 2416 flumen
651 2364 680 2414 et
689 2353 846 2415 Hasdrubal

317 2439 454 2501 Devietus
472 2448 502 2500 et
517 2437 751 2518 puleberlugatis

269 2512 279 2530 ²
356 2522 409 2585 Ille
420 2523 481 2584 dies
493 2523 572 2584 Latio
583 2521 720 2598 tenebris,

269 2659 324 2732 Qui
337 2660 442 2736 primus
455 2657 526 2718 alma
536 2659 598 2717 risit
609 2656 723 2733 adorea,
810 2681 813 2693 ¹

265 2742 350 2802 Diras
362 2760 414 2821 per
425 2743 510 2802 urbes
521 2741 592 2802 Afer
602 2749 632 2802 ut
642 2739 726 2802 ltalas

318 2824 378 2886 Geu
390 2825 498 2886 llamnra
509 2844 562 2904 per
571 2825 668 2886 taedas
679 2825 725 2885 rel
734 2824 828 2888 Eurus

360 2908 414 2970 Per
425 2909 535 2970 Sieulas
548 2911 683 2990 equitavit
695 2909 792 2969 undas.

158 3081 163 3090 .
264 3032 331 3094 Post
341 3035 398 3094 boo
409 3034 543 3094 secundis
553 3052 646 3113 usque
658 3032 801 3094 laboribus

264 3116 388 3178 Romana
400 3118 491 3195 pubes
502 3120 610 3194 crevit,
630 3127 659 3176 et
669 3119 755 3194 impio

314 3201 427 3262 Vastata
439 3199 596 3262 Poenorum
606 3199 722 3261 tumultu

355 3283 431 3346 Dana
442 3285 511 3346 deos
525 3286 649 3346 habuere
663 3293 768 3363 rectos,

152 3372 305 3416 monnulus.
