2526 3986
203 220 260 284 tec
580 221 795 284 sartunnuu
1043 229 1157 306 psas,
1257 173 1258 188 ἦ

282 418 303 452 ‚,
312 374 478 457 „luppiter,
493 377 622 453 ingentes
634 377 681 453 qui
694 375 743 436 das
754 375 910 454 adimisque
925 375 1077 455 doleres,“

282 459 395 536 „Mater
405 462 443 519 ait
454 461 534 537 pueri
545 477 657 518 menses
669 461 722 520 iam
735 461 858 538 quinque
870 460 1007 536 cubantis,

199 544 260 604 290
282 542 447 622 „„Frtgida
458 545 482 602 si
495 560 611 620 puerum
623 551 754 621 quartana
764 543 925 622 reliquerit,
940 543 990 602 illc

281 671 301 703 „
310 627 415 705 „illane
427 627 490 703 die,
505 643 561 706 quo
573 635 603 685 tu
614 626 714 686 indicis
726 629 844 703 ieiunia,
857 627 946 687 nudus

273 747 301 787 1„
310 709 364 787 „ln
376 708 470 771 Tiberi
483 710 600 773 stabit.“
622 708 713 770 Casus
724 709 887 770 medicusve
899 710 998 772 levarit

279 794 425 872 „Aegrum
438 813 474 853 en
484 796 649 873 praecipiti:
665 799 753 854 mater
764 793 851 854 delira
862 794 975 854 necabit

279 876 334 954 „ln
345 877 440 956 gelida
459 879 543 944 linum
554 879 614 955 ripa
625 876 782 956 febrimque
793 878 919 938 reducet.

196 961 255 1023 295
279 961 405 1037 „Quone
415 961 489 1021 malo
501 969 622 1020 mentem
633 958 793 1022 concussa?
805 960 918 1021 Timore
930 959 1083 1021 deorum.“

134 1091 137 1104 .
276 1044 353 1106 llaec
365 1047 430 1106 milri
443 1046 607 1120 Stertinius,
625 1047 782 1122 sapientum
794 1053 926 1120 octavus,
939 1047 1029 1106 amieo

163 1181 166 1188 .
276 1129 359 1190 Arma
371 1129 464 1205 dedit,
479 1129 597 1207 posthac
611 1147 647 1188 ne
662 1128 848 1206 compellerer
861 1127 972 1189 inultus.

275 1212 385 1272 Dixerit
394 1215 518 1274 insanum
532 1214 578 1290 qui
590 1230 651 1288 me,
664 1211 779 1272 totidem
791 1213 884 1272 audiet
899 1221 982 1290 atque

276 1297 434 1374 Respicere
446 1299 544 1375 ignoto
556 1295 647 1356 discet
657 1293 806 1374 pendentia
817 1306 909 1374 tergo.

192 1382 255 1444 300
275 1379 382 1441 Horat.
395 1381 508 1455 Stoice,
526 1389 591 1458 post
603 1379 729 1440 damnum
740 1382 782 1440 sic
794 1380 898 1440 vendas
911 1382 1001 1440 omnia
1014 1379 1113 1458 pluris,

276 1462 338 1538 Qua
350 1483 395 1523 me
407 1463 522 1524 stultitia
538 1493 549 1508 ·
562 1466 693 1542 quonium
704 1480 760 1524 non
776 1472 819 1523 est
830 1481 920 1540 genus
932 1481 1014 1524 unum
1027 1495 1038 1508 ·

275 1548 399 1609 Insanire
410 1543 511 1626 putas?
530 1565 585 1625 ego
597 1565 660 1607 nam
671 1547 770 1607 videor
783 1548 849 1614 mibi
867 1565 959 1608 sanus.

274 1631 363 1692 Dem.
381 1631 464 1708 Quid,
479 1640 563 1709 eaput
574 1631 729 1692 abscissum
741 1631 867 1692 manibus
878 1649 941 1690 eum
953 1638 1047 1709 portat
1056 1631 1157 1711 Agave

275 1714 355 1776 Gnati
367 1715 506 1792 infelicis,
520 1715 574 1774 sibi
585 1724 643 1774 turn
654 1715 760 1775 furiosa
774 1711 903 1776 videtur?

190 1801 250 1862 305
273 1797 381 1860 Horat.
394 1797 512 1859 Stultum
524 1815 569 1858 me
581 1798 673 1858 fateor
685 1829 696 1844 ·
707 1799 792 1860 liceat
803 1797 963 1859 concedere
974 1801 1070 1858 veris·
1116 1819 1122 1833 ·

271 1883 365 1960 Atque
379 1885 461 1942 etiam
470 1884 610 1951 insanum;
622 1892 725 1942 tantum
738 1885 793 1942 boc
805 1883 943 1958 edissere,
957 1899 1014 1959 quc
1023 1901 1070 1942 mc

271 1964 428 2044 Aegrotare
439 1975 521 2044 putes
531 1968 701 2045 ,animivitic
724 1966 813 2028 Dum,
821 1967 944 2045 Accipe:
956 1968 1074 2043 primum

203 2055 206 2064 ’
271 2048 426 2127 Aedificas,
440 2051 495 2110 hoe
507 2059 566 2127 est,
579 2050 682 2128 longos
692 2051 824 2127 imiteris,
837 2051 871 2110 ab
883 2053 938 2110 imo

270 2134 315 2194 Ad
328 2151 462 2192 summum
472 2142 549 2193 tetus
559 2133 664 2194 moduli
675 2133 829 2213 bipedalis,
843 2144 872 2193 et
882 2133 956 2194 idem

187 2224 249 2285 310
271 2216 400 2295 Corpore
411 2220 545 2277 maiorem
558 2217 635 2278 rides
647 2217 785 2278 Turbonis
796 2220 826 2278 iu
840 2220 923 2279 armis

270 2303 402 2380 Spiritum
415 2311 443 2361 et
453 2303 610 2362 incessum:
623 2304 669 2379 qui
681 2302 815 2361 ridiculus
826 2304 915 2361 minus
926 2299 997 2361 illel

187 2448 191 2464 ,
269 2385 312 2446 An
324 2385 512 2465 quodeunque
529 2384 596 2445 iacit
607 2384 774 2461 Maecenas,
797 2394 827 2445 te
838 2395 953 2464 quoque
967 2405 1065 2447 verum
1078 2396 1123 2448 est

270 2467 385 2529 Tantum
401 2469 563 2529 dissimilem
576 2478 604 2528 et
613 2477 689 2528 tanto
702 2476 811 2530 cenare
822 2465 975 2531 minorem?

268 2552 402 2613 Absentis
413 2569 496 2613 ranae
510 2552 594 2631 pullis
605 2552 684 2612 vituli
697 2552 771 2631 pede
782 2555 890 2630 pressis

185 2641 246 2702 315
268 2635 346 2697 Unus
357 2638 404 2696 ubi
418 2637 531 2714 ellugit,
543 2639 622 2696 matri
634 2636 776 2712 denarrat,
793 2639 933 2714 elingens

267 2719 366 2780 bellua
377 2729 514 2798 cognatos
529 2719 649 2780 eliserit:
662 2721 709 2782 illa
720 2739 833 2798 rogare,

239 2829 241 2834 ¹
268 2802 436 2877 Quantanel
458 2803 530 2864 Num
543 2813 662 2879 tantum,
679 2805 794 2865 suillans
806 2822 855 2880 se,
872 2797 1105 2880 mag'naiuisseti

267 2886 440 2965 9„ltlaicr.“
463 2884 659 2965 5„Dimidic‘l
673 2921 710 2934 —
723 2887 795 2947 Num
806 2883 927 2947 tantol“
947 2891 966 2956 9
974 2884 1045 2948 Cum
1058 2886 1153 2964 magis

691 2980 776 3050 atque
823 2999 825 3004 ·

266 3056 304 3116 Se
315 3057 405 3135 magis
417 3055 536 3131 inflaret,
550 3054 656 3131 „llcn,
669 3056 693 3113 si
708 3063 737 3114 te
747 3056 883 3132 rupsnst‘
895 3054 993 3131 iuquit,

183 3140 246 3202 320
266 3136 343 3215 „l'ar
353 3142 445 3200 eris.“
467 3138 544 3198 llaec
556 3157 572 3198 a
585 3147 614 3198 te
625 3152 681 3198 nen
694 3137 808 3197 multum
819 3137 925 3198 abludit
936 3139 1040 3214 image.

266 3220 347 3282 Adde
359 3230 489 3300 poemata
499 3239 582 3297 nune,
596 3221 651 3280 hoc
667 3230 722 3297 est,
736 3221 829 3281 oleum
841 3221 912 3283 adde
924 3222 1043 3297 camino,

268 3305 348 3378 Quae
364 3307 463 3384 siquis
478 3323 561 3365 sanus
572 3305 658 3381 iecit,
674 3321 758 3364 sanus
770 3304 841 3364 iacis
854 3314 882 3386 et
893 3313 932 3366 tu.
