2526 3986
137 225 210 294 [saa.
225 221 277 297 ra]
532 217 643 280 urana
658 218 681 280 1.
892 213 893 222 ‘
1040 204 1102 305 rot
1141 201 1142 209 '

222 371 276 432 nst
288 373 426 433 brevitate
442 389 533 451 opus,
549 381 579 432 ut
593 381 685 432 currat
696 376 833 434 sententia
849 371 949 435 deuse

221 454 361 535 Impediat
371 455 467 517 verbis
479 455 569 516 lassas
582 456 761 518 onerantibus
773 475 869 534 aures,¹
1060 463 1101 526 10

221 537 258 612 Et
270 557 402 600 sermone
420 556 493 618 opas
507 549 552 600 est
566 539 650 600 modo
664 543 747 616 tristi,
761 559 847 619 saepe
859 546 972 621 iocoso,

221 623 504 704 Delendeutefvicem
515 623 600 683 modo
611 624 734 684 rhetoris
746 634 830 705 atque
841 633 959 704 poetae,

220 705 363 768 Interdum
373 707 486 784 urbani,
500 709 641 786 parcentis
654 708 761 767 viribus
772 718 857 786 atque

220 790 404 852 Extenuantis
416 809 465 851 eas
477 788 617 851 consultoss
639 791 799 852 Ridiculum
809 793 867 852 acri

131 911 134 916 ·
219 874 333 939 Fortius
345 884 374 935 et
384 875 484 936 melius
495 894 609 954 magnas
621 875 787 954 plerumque
798 886 876 936 secat
888 895 945 937 res.
1059 881 1097 943 15

124 1012 129 1020 ,
204 940 281 1036 ‘tlh
295 961 401 1037 scripta
413 960 514 1038 quihus
527 959 676 1020 comoedia
691 961 785 1037 prisca
796 961 863 1019 viris
875 970 929 1037 est,

219 1043 282 1103 lloc
291 1043 411 1120 stabant,
423 1044 479 1103 ho‘c
490 1047 553 1103 sur'rt
564 1041 700 1114 imitandi;
716 1058 788 1122 quos
798 1062 891 1122 neque
903 1043 1021 1122 pulcher

154 1159 157 1166 ·
175 1147 178 1151 ·
218 1125 415 1205 Hermogenes
427 1135 548 1206 unquam
560 1127 646 1206 legit,
659 1146 754 1206 neque
768 1129 866 1186 simius
880 1130 944 1204 iste,

218 1210 266 1271 Nil
279 1221 392 1289 praeter
403 1201 521 1271 Calvum
535 1217 564 1272 et
575 1211 676 1272 doctus
689 1203 800 1281 cantare
812 1208 960 1272 Catullum.

219 1294 288 1367 §ht
302 1297 432 1373 magnum
443 1294 528 1371 lecit,
548 1295 625 1374 quod
635 1295 730 1356 verbis
746 1293 854 1354 Graeca
868 1295 970 1356 Latinis
1028 1357 1030 1367 ,
1057 1292 1098 1361 20

218 1377 342 1440 Miscuit.
365 1378 489 1450 soseri
500 1379 673 1456 studiorum,
692 1381 777 1458 quine
787 1383 896 1457 putetis

147 1470 149 1473 ’
218 1461 344 1522 Difficile
356 1465 508 1541 emirum,
523 1460 635 1523 Rhodio
650 1463 726 1542 quod
737 1461 907 1523 Pitholeonti

112 1615 116 1620 ¹
220 1544 367 1624 Contigit?
386 1552 407 1617 9
416 1545 453 1606 At
464 1565 558 1608 sermo
569 1547 665 1624 lingua
677 1549 831 1606 concinnus
843 1557 961 1628 utruque

216 1631 347 1708 Suarior,
363 1640 393 1692 ut
405 1629 476 1691 Ghio
490 1636 557 1692 nota
568 1634 593 1690 si
606 1635 754 1698 commixta
764 1629 875 1692 Falerni
890 1640 944 1691 est.

112 1721 115 1732 '
155 1755 163 1764 -
215 1719 237 1786 5
244 1713 420 1775 Cumversus
433 1715 533 1791 iacias,
542 1725 571 1775 te
582 1718 674 1792 ipsum
686 1723 849 1794 percontor,
862 1733 896 1776 arr
909 1723 937 1774 et
949 1717 1012 1776 cum
1056 1719 1096 1780 25

124 1797 130 1816 ‘
215 1797 293 1859 Dura
304 1799 355 1859 tibi
367 1797 529 1878 peragenda
540 1801 582 1859 rei
597 1802 634 1858 sit
646 1817 731 1858 causa
741 1793 853 1858 Petilli?
900 1803 905 1814 “

216 1881 335 1942 Scilicet
350 1882 454 1942 oblitus
466 1884 631 1960 patriaeque
644 1885 789 1961 patrisque
805 1880 894 1939 Latini

217 1965 289 2026 ilum
299 1965 404 2025 Pedius
417 1983 516 2025 causas
532 1966 651 2025 exsudet
663 1964 808 2044 Poplicola
820 1977 903 2048 atque

143 2107 144 2110 ,
217 2048 374 2124 Corvinus,
391 2051 489 2126 patriis
499 2050 693 2111 intermiscere
704 2053 792 2128 petita
887 2049 892 2060 '

217 2131 311 2192 Verba
322 2132 392 2192 ioris
403 2132 494 2207 malis,
508 2131 642 2192 Canusini
652 2150 731 2193 mure
744 2133 895 2211 bilinguis!
1053 2137 1097 2200 30

193 2287 199 2292 ,
217 2216 311 2295 Atque
323 2231 379 2294 ego
395 2225 458 2275 cum
465 2215 591 2276 Graecos
603 2216 737 2294 lacerem,
749 2226 830 2276 natus
841 2235 917 2277 mare
930 2221 1009 2296 citra,

217 2300 399 2376 Versiculos,
415 2303 505 2361 vetuit
518 2319 563 2360 me
578 2299 626 2361 tali
640 2317 714 2360 voce
727 2299 871 2376 Quirinus,

162 2431 168 2446 ,
217 2383 285 2444 Post
299 2384 419 2444 mediam
430 2393 543 2444 noctem
554 2386 649 2459 visus,
668 2400 730 2443 cum
742 2386 849 2444 somnia
862 2403 942 2447 vera:

216 2467 273 2546 „ln
285 2469 383 2528 silvam
396 2485 452 2529 non
463 2467 543 2546 ligna
551 2468 626 2528 ieras
637 2470 779 2545 insanius,
793 2471 863 2528 acsi
880 2472 882 2487 '
997 2529 999 2534 ,

216 2551 357 2630 „hlagnas
369 2549 541 2614 Graecorum
552 2551 632 2612 malis
644 2550 763 2630 implere
775 2556 938 2613 catervas.“
1055 2557 1095 2620 35

215 2634 356 2714 Turgidus
366 2635 486 2714 Alpinus
499 2635 681 2714 iugulat'dum
692 2633 840 2696 Memnona
855 2635 976 2716 dumque

215 2719 341 2797 Definglt
351 2719 442 2780 Rheni
454 2719 561 2781 luteum
572 2729 673 2798 caput,
686 2720 758 2780 haec
769 2737 825 2798 ego
837 2719 915 2797 ludo,

217 2801 298 2876 Quae
308 2815 403 2884 neque
415 2804 443 2863 in
459 2804 530 2864 aede
542 2811 644 2864 sonent
656 2805 790 2864 certantia
801 2804 895 2865 iudice
907 2803 1007 2883 Tarpa,

216 2885 277 2947 Nec
286 2888 403 2947 redeant
414 2889 514 2948 iterum
525 2897 609 2968 atque
619 2890 719 2948 iterum
730 2888 1017 2965 spectandatheatris.

214 2970 322 3048 Arguta
334 2974 484 3032 meretrice
497 2981 580 3050 potes
589 2972 729 3050 Davoque
743 2969 891 3032 Chremeta
923 3043 928 3054 Ι
1052 2972 1097 3036 40

213 3052 354 3115 Eludente
365 3074 464 3117 senem
476 3059 565 3116 comis
576 3057 683 3134 garrire
694 3055 809 3115 libellos

214 3137 292 3198 Unus
306 3142 453 3216 rivorum,
465 3139 606 3209 Fundau13
617 3138 708 3198 Pollio
718 3154 818 3217 regum

213 3219 300 3282 Facta
312 3225 385 3293 canit
396 3224 471 3302 pede
482 3233 527 3284 ter
537 3239 690 3303 percusso;
713 3222 786 3282 io'rte
803 3238 874 3302 epos
887 3226 963 3301 acer,

196 3303 251 3364 -Ut
261 3324 363 3382 nemo,
379 3306 480 3368 Varius
493 3307 583 3376 ducit;
597 3304 685 3366 molle
697 3315 781 3384 atque
793 3307 915 3368 facetum
