2536 3986
138 483 143 488 ·
207 459 248 521 50

116 2895 117 2898 κ
192 2849 241 2940 ys

611 212 811 282 nanuum
840 299 845 308 q

343 373 478 451 Dixitque
490 369 602 430 tandem
610 368 738 446 pertidus
752 365 903 428 Hannibal:

358 455 478 534 „Gema
491 454 622 531 luporum
633 452 737 530 praeda
749 454 902 530 rapacium,

320 551 327 566 “
407 539 578 616 „Sectamur
591 537 680 611 ultro,
693 553 767 615 quos
780 539 891 613 opimus

377 634 380 643 ’
448 620 584 699 „Fallere
595 629 625 679 et
636 619 763 697 elingere
774 630 819 680 est
833 622 1001 698 triumphus.

357 749 474 832 „Gens,'
488 771 560 832 quae
573 765 696 814 memato
708 755 789 813 iortis
798 755 835 814 ab
851 753 904 814 llio

356 837 484 918 „lactata
496 836 597 897 Tuscis
609 839 781 916 aequoribus
798 854 878 897 sacra

408 921 577 1000 „Notosque
589 931 770 999 maturosque
781 930 875 999 patres
905 919 907 930 '

447 1002 586 1082 „Pertulit
597 1004 737 1066 Ausonias
749 1005 783 1064 ad
794 1005 891 1080 urbes,

355 1139 464 1216 „Duris
475 1148 505 1198 ut
516 1139 574 1198 ilex
585 1147 665 1198 tonsa
677 1139 846 1216 bipennibus

355 1222 484 1300 „Nigrae
496 1222 583 1282 feraci
595 1223 702 1282 frondis
715 1225 743 1281 iu
753 1222 868 1300 Algido,

405 1305 482 1384 „Per
494 1303 601 1382 damna,
615 1323 667 1383 per
678 1306 791 1381 caedes,
805 1307 916 1383 abipso
964 1323 969 1336 ·

447 1389 557 1466 „Ducit
568 1407 641 1467 opes
654 1391 830 1468 animumque
842 1389 928 1450 lerro.

257 1577 261 1590 ,
354 1523 442 1601 „Nou
453 1522 540 1599 hydra
553 1533 632 1583 secto
646 1493 768 1600 corpore
782 1523 886 1581 limnior

354 1607 460 1686 „Vinci
476 1605 617 1666 dolentem
629 1609 718 1667 crevit
728 1609 756 1666 in
770 1605 931 1682 Herculem,

406 1686 622 1768 „oronsnumv‘e
634 1691 792 1750 submisere
806 1687 906 1749 Colchi

445 1773 559 1852 „Maius
570 1773 762 1835 Echioniaeve
774 1772 897 1832 Thebae.

357 1906 491 1984 „Herses
502 1907 642 1986 prolundo
652 1929 660 1968 ε
669 1907 812 1986 pulchrior
824 1909 933 1980 evenit;

353 1989 512 2068 „Luctere:
524 1992 608 2052 multa
620 2001 737 2070 proruet
747 1993 885 2068 integrum

404 2073 500 2152 „Cum
511 2075 593 2135 laude
604 2078 741 2136 victorem
753 2082 891 2154 geretque

448 2157 583 2236 „Proelia
597 2162 764 2238 coniugibus
778 2157 931 2237 loquenda.
1024 2213 1027 2219 .

352 2290 538 2372 „Carthagini
550 2296 605 2354 iam
616 2312 673 2354 nou
685 2310 740 2372 ego
752 2295 863 2356 nuntios

356 2377 486 2456 „biittam
498 2380 658 2458 superbos:
677 2378 791 2451 occidit,
808 2377 913 2438 occidit

405 2465 504 2541 „Spes
516 2466 605 2522 omnis
617 2472 646 2522 et
658 2462 768 2523 lorturm
779 2463 868 2522 nostri

446 2545 597 2632 „Nominis
610 2544 783 2606 Hasdrubale
795 2543 979 2605 interemto.“

352 2679 400 2740 Nil
411 2677 546 2742 Claudiae
556 2696 612 2741 uon
624 2680 770 2758 perficiunt
781 2697 888 2754 manus,

353 2763 431 2838 Quas
445 2775 473 2825 et
484 2766 607 2843 benigno
618 2765 730 2823 numine
741 2762 870 2841 luppiter
910 2768 914 2777 “

404 2848 558 2926 Defendit,
571 2855 601 2907 et
613 2864 696 2906 curae
708 2864 827 2926 sagaces

365 3003 368 3018 μ
446 2931 606 3011 Expediuut
618 2940 761 3011 peracuta
773 2929 852 3013 belli,

1061 218 1160 296 rosa
1240 319 1241 322 Ὺ
