2556 3988
113 224 273 318 rupea]
333 280 335 287 Α
520 233 680 297 runnu.
733 270 735 278 ,
906 202 909 210 ’
987 196 1088 296 'ua

124 387 284 466 Interpres,
299 405 355 450 nec
366 385 483 448 desilies
494 390 616 448 imitator
626 387 654 446 io
665 395 763 464 amum,
1068 437 1072 442 .

123 465 203 532 Unde
214 471 317 550 pedem
328 472 457 548 prolerre
469 471 561 549 pudor
570 465 649 530 vetet
660 479 706 529 aut
717 471 813 548 operis
827 468 884 530 lex.
923 530 928 546 ,¹
1028 474 1087 536 135

123 555 190 622 Nee,
200 557 242 615 sio
252 555 393 633 incipies,
413 564 443 620 ut
454 557 575 633 scriptor
586 553 711 630 cyclicus
723 553 806 614 olinr:

123 637 311 716 „Fortunam
322 637 438 700 Priami
450 639 581 700 cantabo
595 646 624 700 et
635 638 735 698 nobile
745 637 886 700 bellum.“

124 721 199 796 Quid
212 722 325 800 dignum
335 730 412 784 tanto
423 722 497 783 leret
508 723 555 783 lrie
562 723 724 800 promissor
734 719 831 780 hiatui

41 788 98 898 f
121 802 398 867 Parturientmontes
408 851 417 882 ,
429 816 562 867 nascetur
572 800 788 866 ridiculusrnus.

34 952 40 973 ,
124 889 235 964 Quanto
246 892 352 950 rectius
362 891 427 967 hie,
448 893 496 969 qui
507 889 547 950 nil
557 889 669 950 molitur
681 891 794 967 inepte:
1010 891 1087 954 x140

13 997 15 1000 ·
123 973 206 1053 „Dic
216 975 303 1051 milei,
313 973 416 1051 Musa,
428 977 545 1050 oirum,
558 968 669 1052 cuplae
676 981 746 1051 post
756 979 890 1051 tempora
906 970 1014 1035 Troiae

123 1056 207 1134 „Oui
217 1077 317 1120 moret
327 1057 477 1120 dominum
489 1059 648 1120 multorum
661 1058 738 1118 uidit
750 1064 779 1118 et
788 1057 915 1117 urdee.“

45 1143 82 1224 7(
122 1141 186 1202 Non
197 1141 302 1202 iurnurn
314 1160 350 1201 ex
359 1141 490 1220 fulgore,
508 1141 559 1202 sed
570 1160 606 1201 ex
616 1141 693 1200 lurno
705 1139 771 1200 dare
781 1139 873 1198 lucem

123 1224 250 1303 Cogitat,
266 1234 296 1285 nt
308 1227 441 1303 spaciosa
457 1224 700 1286 dehinemiracula
712 1232 838 1302 promat,¹

121 1307 291 1388 Antiphaten
300 1308 481 1386 Scyllamque
491 1317 518 1366 st
527 1304 915 1384 nuanyolopeClrarybdirm

121 1392 183 1453 Nec
198 1392 317 1456 reditum
327 1393 475 1458 Diomedis
486 1395 520 1454 ab
533 1395 645 1453 interitu
656 1391 804 1468 Meleagri,

121 1475 183 1539 Nee
193 1479 307 1552 gemino
320 1477 426 1539 bellurn
441 1477 589 1538 Troianum
601 1475 707 1536 orditur
717 1476 751 1534 alr
764 1492 835 1544 ovo;

51 1630 68 1653 ἡ
95 1611 103 1628 ,
122 1560 242 1638 Semper
252 1559 287 1622 ad
299 1570 429 1622 eventum
439 1561 552 1621 festinat
564 1569 592 1620 et
604 1562 633 1620 in
644 1559 750 1620 medias
761 1578 808 1620 res

72 1656 106 1712 ’κ
121 1643 185 1704 Non
195 1663 282 1704 secus
293 1663 326 1704 ae
336 1655 420 1705 notas
429 1645 584 1708 auditorem
599 1645 686 1722 rapit,
708 1652 737 1702 et
747 1661 820 1722 quae

51 1741 52 1744 ’
120 1727 387 1806 Desperattraetata
398 1731 539 1790 nitescere
551 1746 655 1805 posse,
671 1727 815 1812 relinquit,

124 1811 215 1891 Atque
226 1814 263 1872 ita
278 1815 426 1888 mentitur,
445 1816 487 1872 sie
497 1815 573 1872 veris
584 1810 654 1871 ialsa
668 1814 812 1886 remiscet,

123 1895 213 1956 Primo
226 1896 409 1970 remedium,
429 1893 522 1956 medio
533 1913 570 1954 ne
581 1894 724 1972 discrepet
734 1897 827 1954 imum.

120 1979 179 2055 Tu,
199 1978 337 2060 ¹qnidyego
349 1987 378 2038 et
388 1977 511 2056 populus
521 1995 630 2037 meeum
642 1978 802 2053 desideret,
822 1977 896 2038 audi.

121 2063 151 2124 si
166 2061 306 2140 plausoris
317 2077 388 2140 eges
399 2060 496 2122 aulaea
507 2064 642 2122 manentis
655 2070 783 2140 eiusque
843 2087 844 2090 ¹

120 2146 250 2221 Sessuri,
270 2145 362 2204 donee
376 2153 473 2204 eantor
487 2145 570 2220 „Vos
583 2144 731 2221 plauditu‘
747 2146 836 2206 dieat:

120 2230 229 2302 Aetatis
241 2229 379 2306 cuiusque
389 2228 503 2288 notandi
514 2237 579 2288 sunt
589 2229 638 2288 tibi
649 2246 754 2305 mores,

119 2313 329 2390 Mobilibusque
341 2312 428 2372 deeor
437 2314 541 2372 naturis
553 2312 658 2374 dandus
669 2323 698 2372 et
710 2313 800 2373 aunis.

119 2397 252 2458 Reddere
264 2397 312 2474 qui
327 2413 416 2456 voees
427 2397 480 2455 iam
492 2399 546 2460 scit
554 2415 634 2474 puer
645 2405 673 2456 et
684 2395 759 2473 pede
771 2406 850 2458 certo

42 2480 50 2490 ’
120 2482 219 2558 Signat
228 2480 356 2556 humum,
372 2481 459 2556 gestit
469 2482 584 2558 paribus
596 2480 740 2540 colludere
752 2489 781 2539 et
791 2482 858 2540 iram

121 2563 238 2642 Colligit
252 2581 286 2622 ae
297 2565 376 2641 ponit
386 2573 492 2623 temere
504 2573 533 2623 et
544 2573 663 2624 mutatur
675 2567 703 2624 in
714 2564 808 2624 horas.

119 2648 264 2708 imberbos
271 2647 388 2707 iuvenis
397 2647 507 2708 undem
522 2648 640 2707 ¹ousttode
651 2656 761 2708 remoto

121 2731 230 2793 Gaudet
242 2732 323 2810 equis
335 2732 509 2812 canibusque
521 2741 549 2791 et
559 2733 648 2808 aprici
659 2733 784 2810 gramine
797 2733 899 2811 campi,

120 2816 228 2878 Cereus
240 2817 268 2876 in
282 2817 378 2875 vitium
389 2815 481 2892 decli,
498 2815 681 2876 monitoribus
693 2833 787 2893 asper,

118 2899 233 2960 Utilium
246 2899 341 2960 tardus
352 2901 500 2977 provisor,
518 2900 653 2978 prodigus
665 2901 750 2975 aeris,

120 2983 252 3044 Sublimis
265 2983 440 3062 cupidusque
452 2993 480 3043 et
490 2993 578 3044 amata
588 2984 748 3062 relinquere
761 2983 868 3062 pernix.
911 2979 913 2983 ’

122 3066 275 3128 Conversis
289 3067 388 3142 studiis
402 3077 479 3128 aetas
491 3069 656 3146 animusque
666 3069 765 3128 virilis

121 3150 320 3228 Quaeritopes
332 3161 361 3211 st
372 3153 523 3228 amicitias,
543 3153 659 3211 inservit
670 3151 780 3228 honori,

121 3233 305 3294 Commisisse
317 3245 399 3296 cavet
410 3235 486 3314 quod
496 3253 563 3296 mox
573 3244 679 3294 mutae
689 3233 808 3294 laboret.

120 3317 206 3378 llulta
220 3339 321 3380 senem
332 3321 550 3380 circumveniunt
561 3318 752 3394 incommoda,
768 3318 814 3376 vel
826 3317 902 3396 quod
1016 3359 1019 3366 «
