2556 3990
194 225 215 289 t
372 264 379 289 ,
564 177 763 288 cauumuu
1003 195 1151 307 'sobal

343 377 447 445 Tollen
465 377 512 437 irio
522 393 639 454 maguus
651 379 748 454 potius
763 375 929 454 triumphos,

196 465 237 528 50
346 462 400 524 llio
413 460 495 520 ames
504 459 559 519 uici
575 461 655 537 pater
669 469 754 538 atque
765 461 910 538 princeps,

347 545 411 608 Neu
422 545 497 604 siuas
508 541 609 602 Medos
621 545 748 622 equitare
759 542 874 620 inultos,

417 625 457 686 Te
471 625 554 702 duca
572 623 687 686 Caesar.

599 783 750 794 -q-—a—-o

580 895 680 951 01)ss
694 895 769 950 111.

277 1015 323 1068 ul>
339 1013 467 1068 NAVEM
482 1012 635 1067 VIRGILH
647 1011 817 1088 ATHENAS
830 1013 1074 1070 Puouuc‘ruuu.

346 1126 395 1186 Sic
409 1131 438 1185 te
450 1123 514 1186 diva
525 1133 626 1203 potens
639 1122 737 1202 Cypri,
778 1159 782 1162 -

389 1207 438 1268 Sic
452 1208 553 1268 iratres
565 1206 702 1282 Helenae,
718 1205 811 1267 lueida
825 1207 928 1286 sidera,

338 1287 558 1372 ¹Ventorumque
569 1299 649 1368 regat
661 1299 740 1368 pater

385 1374 535 1436 obstrictis
547 1374 608 1434 aliis
620 1382 733 1451 praeter
749 1370 875 1451 Iapyga,

347 1459 445 1534 Nauis,
458 1477 530 1537 quae
544 1459 594 1516 tibi
605 1457 740 1517 creditum
796 1483 800 1502 ι

387 1541 486 1602 Debes
500 1539 663 1618 Virgilium:
679 1541 780 1601 linibus
796 1542 899 1602 Atticis

345 1623 459 1685 Reddas
470 1623 649 1699 ineolumem
665 1637 779 1700 prebor,

388 1706 424 1766 Et
439 1725 537 1766 serves
549 1708 657 1767 animae
668 1705 810 1766 dimidium
827 1724 916 1767 meae.
996 1745 998 1750 -

348 1789 392 1850 llli
405 1791 492 1850 robur
502 1799 531 1849 et
542 1807 590 1850 aes
602 1788 707 1868 triplex

388 1869 470 1933 Circa
482 1882 581 1952 pectus
592 1881 662 1949 erat,
678 1874 725 1951 qui
736 1872 865 1951 fragilem
880 1875 951 1934 truci
1049 1923 1055 1936 a

347 1954 492 2018 commisit
503 1955 607 2034 pelago
618 1964 706 2016 ratem

387 2039 505 2117 Primus,
517 2057 571 2100 neu
582 2041 671 2099 timuit
682 2039 866 2118 praeeipitem
877 2039 1003 2103 Africum

345 2123 543 2185 Desertautem
554 2122 752 2201 Aquilonibus,
990 2181 993 2193 Α

387 2206 448 2267 Nec
458 2205 683 2283 tristesityadaa
696 2225 750 2266 neu
760 2208 866 2268 rabiem
873 2206 951 2284 Noti,

348 2289 412 2363 Quo
423 2305 480 2349 nou
491 2289 596 2350 arbiter
606 2289 725 2350 Hadriae

387 2372 487 2450 Maior,
500 2372 601 2433 tollere
613 2391 664 2433 seu
679 2391 787 2451 ponere
799 2372 858 2432 vult
869 2372 951 2431 freta.
1061 2440 1063 2444 ¹

346 2456 437 2529 Quem
451 2458 548 2517 mortis
562 2458 652 2517 timuit
662 2456 788 2535 gradum,

372 2538 443 2612 'Qui
459 2541 545 2601 slecis
560 2541 651 2601 oeulis
663 2548 785 2600 monstra
796 2539 926 2613 natantia,

347 2621 401 2696 Qui
411 2623 482 2683 vidit
491 2641 567 2706 mare
578 2623 718 2700 turgidum
729 2630 757 2681 et

386 2705 508 2768 Infames
523 2703 671 2782 scopulos,
689 2699 917 2764 Acroceraunia?
962 2755 965 2762 .

345 2788 539 2869 Nequiequam
551 2787 622 2848 deus
632 2787 752 2849 abscidit

385 2872 509 2934 Prudens
521 2872 636 2934 Oceano
648 2870 820 2933 dissociabili
855 2907 856 2910 =

346 2955 458 3035 Terras,
475 2960 603 3018 sitameu
617 2955 720 3033 impiae
792 3029 794 3032 .

300 3117 305 3123 ἱ
386 3039 450 3100 Non
460 3039 600 3119 tangenda
616 3048 691 3099 rates
703 3041 860 3102 transiliunt
868 3041 949 3103 vada.

343 3122 444 3183 Audax
455 3126 546 3184 omnia
556 3125 695 3202 perpeti·
739 3157 743 3162 -

355 3275 357 3279 .
389 3204 464 3265 Gens
474 3206 591 3268 humana
600 3209 656 3268 ruit
669 3224 721 3288 per
732 3209 847 3268 vetitum
858 3209 949 3269 melas.

346 3287 445 3349 Audax
458 3286 549 3367 lipeti
563 3309 654 3368 genus
