2556 3990
110 239 297 310 [onerant
497 235 637 314 ,nmen
648 236 670 297 1.

215 447 223 468 l
264 385 328 446 Non
343 393 495 462 aestuosae
506 398 586 466 grata
597 351 745 450 Caluinae
1057 397 1076 458 ὁ

263 469 407 548 Armenta,
422 489 479 532 nou
487 473 584 532 aurum
594 482 641 532 aut
653 474 723 533 ebur
736 473 873 554 Indicum,

315 555 380 616 Non
391 574 465 634 rura,
485 573 558 634 quae
569 555 639 615 Liris
651 560 747 635 quieta
782 581 784 593 ·
950 630 955 636 ‚

284 638 294 668 ⁸
369 637 480 699 Mordet
495 658 567 718 aqua
582 643 734 702 taciturnus
746 646 844 706 amnis.
933 657 986 723 ¹„
1048 659 1056 676 “

265 762 393 824 Fremant
405 762 510 848 Calena
526 764 610 842 faiae,
624 767 725 844 quibus
737 766 814 828 dedit

265 843 398 924 Fortuna,
410 849 506 924 vitem,
523 848 603 908 diras
619 859 648 909 et
661 853 753 911 aureis

316 929 458 992 Mercator
470 934 598 993 exsiccet
609 933 720 994 culullis

289 1025 290 1030 ’
371 1016 442 1077 Vina
454 1016 780 1095 spareparanmeree

267 1141 319 1202 Dis
330 1159 412 1200 carus
424 1143 507 1220 ipsis,
525 1144 632 1220 quippe
646 1152 690 1204 ter
704 1153 732 1203 et
744 1152 843 1221 quater
893 1199 899 1222 ,

266 1225 346 1286 Anno
358 1227 487 1286 revisens
502 1244 610 1304 aequor
625 1226 794 1288 Atlanticum

317 1307 444 1388 Impune.
467 1309 514 1370 Mc
528 1321 646 1388 pascunt
657 1311 761 1389 olivae,

267 1383 301 1442 Σ
372 1391 419 1452 Me
435 1393 568 1455 cichorea
578 1395 718 1474 levesque
733 1396 852 1458 malvae.

267 1516 332 1578 Frui
345 1521 447 1595 paratis
463 1528 492 1579 et
506 1519 597 1580 valido
608 1521 685 1597 mihi,

265 1601 364 1678 Latoti,
379 1602 468 1664 donas
483 1612 521 1682 et,
535 1621 648 1682 precor,
658 1607 770 1684 integra
866 1622 871 1631 ¹
889 1662 890 1670 ,
952 1599 953 1611 ’

318 1683 389 1746 cam
401 1696 494 1748 nrentc
519 1706 573 1750 nec
590 1698 701 1771 turpem
711 1701 855 1752 senectam
920 1759 923 1767 s

371 1771 487 1850 Degere
498 1789 551 1832 nec
563 1774 667 1856 cithara
686 1784 835 1836 carentem.

525 1969 672 1978 ——--——-

407 2075 408 2080 '
472 2095 572 2149 orm
584 2095 737 2150 xxxn.

421 2201 772 2274 scurnum

271 2315 462 2376 Poscimur...
479 2313 509 2371 Si
522 2311 588 2391 quid
599 2314 681 2371 vacui
698 2313 750 2372 sub
765 2314 861 2374 umbra

271 2399 400 2461 Lusimus
414 2407 518 2471 tecum,
534 2394 611 2474 quod
623 2404 652 2454 et
663 2397 736 2455 hunc
750 2399 778 2456 in
791 2415 890 2457 annum
950 2391 953 2413 ³

269 2484 352 2544 Vivat
364 2492 392 2543 et
405 2481 511 2560 piureS,
527 2498 593 2558 age,
612 2478 657 2540 dic
674 2479 810 2557 Latinum,
861 2522 863 2542 .

322 2566 446 2642 Barcino,
461 2583 583 2640 carmen,

270 2689 374 2751 Lesbio
393 2692 513 2768 primum
523 2687 666 2749 modulate
681 2689 747 2766 civi,

271 2773 325 2849 Qui
334 2774 417 2834 ieron
427 2773 516 2849 bello,
531 2782 624 2833 tamen
635 2774 708 2833 inter
720 2791 805 2850 arma,

271 2857 338 2918 Sive
353 2860 481 2918 iactatam
497 2857 629 2936 religarat
641 2856 697 2916 udo

321 2939 415 3001 Litore
426 2943 528 3018 navim,

197 3094 221 3114 0¹
269 3069 399 3131 Liberum
411 3079 439 3130 et
450 3067 545 3128 Musas
560 3066 760 3144 Veneremque
775 3064 854 3126 atilli

270 3153 390 3231 Semper
400 3154 562 3213 haerentem
575 3167 692 3228 puerum
704 3149 832 3226 canebat,

270 3235 306 3298 Et
316 3235 421 3312 Lycum
435 3237 523 3316 nigris
537 3233 627 3296 oculis
641 3235 781 3312 nigroque

204 3383 208 3391 ,
323 3317 407 3380 Crine
423 3320 567 3380 decorum.
