2556 3988
144 263 294 344 [opusc]
545 261 656 326 nmen
676 265 713 329 11.

123 391 332 497 'Poscenthue
342 433 457 496 gravem
467 433 609 496 persaepe
622 421 736 480 remittit
746 433 866 502 acutum,
975 415 979 422 ’

142 503 204 564 Nec
216 519 330 580 semper
340 500 439 576 ieriet,
459 501 648 581 quodcunque
659 504 820 584 minabitur,
835 525 927 568 urens.

141 588 246 647 Verum
258 587 304 646 ubi
318 584 397 662 plura
409 586 497 644 nitent
507 587 535 644 in
547 588 685 664 carmine,
704 605 760 648 non
772 608 827 670 ego
839 593 936 671 paucis

116 685 118 692 “
142 669 275 732 Odendar
285 668 417 746 maculis,
435 687 504 749 quas
516 677 564 730 aut
574 670 680 730 incuria
691 669 762 731 ludit

140 755 197 816 Aut
207 755 324 814 humana
336 771 432 831 parurn
446 755 519 813 cavit
532 757 638 814 natura.
684 753 757 827 Quid
770 773 839 834 ergo
851 755 914 818 est?

140 840 178 900 Ut
189 840 311 917 scriptor
321 841 346 898 si
358 845 461 914 peccat
470 836 544 896 idem
555 835 683 898 librarius
697 856 798 918 usque,

141 923 275 997 Quamvis
289 930 334 982 est
343 922 480 998 monitus,
498 921 580 982 venia
592 931 687 991 cereta
698 932 726 983 ut
738 924 915 984 citharoedus

140 1005 273 1082 Ridetur,
288 1005 395 1066 chorda
406 1007 454 1084 qni
465 1021 579 1083 semper
589 1006 702 1066 oberrat
713 1007 826 1067 cadem:
912 1026 916 1040 ¹

141 1092 190 1151 Sic
201 1091 285 1168 mibi,
307 1091 355 1169 qui
367 1088 481 1150 multum
494 1098 602 1167 cessat,
619 1091 649 1150 tit
663 1089 812 1152 Choerilus
825 1089 882 1168 ille,

141 1174 231 1248 Quem
243 1174 286 1233 bis
307 1183 390 1234 terve
408 1174 513 1237 bonum
525 1191 588 1233 cnm
600 1175 660 1234 risu
671 1178 771 1252 miror,
789 1185 816 1234 et
831 1175 905 1236 idem

139 1257 274 1337 Indignor
287 1257 457 1339 quandoque
468 1258 559 1318 bonus
570 1257 699 1319 domnitat
710 1257 858 1319 Homerus.

141 1342 242 1402 Verum
254 1343 334 1424 operi
347 1340 434 1419 longo
445 1340 488 1401 las
500 1351 545 1402 est
556 1341 697 1422 obrepere
708 1359 845 1403 somnum.

141 1425 175 1486 Ut
187 1429 309 1504 pictura,
326 1428 439 1503 poesis:
451 1428 504 1485 erit
517 1431 647 1504 quae,·si
662 1429 778 1505 propius
790 1437 859 1502 stes,
907 1498 911 1510 ¹

139 1508 180 1570 l'e
192 1513 285 1589 capiat
294 1511 399 1588 magis,
422 1519 450 1570 et
461 1509 612 1589 quaedam,
628 1512 652 1570 si
663 1509 777 1590 longius
792 1512 897 1572 abstes.

138 1593 216 1654 llaec
227 1602 298 1654 amat
310 1594 473 1664 obscurum
488 1595 566 1654 volet
577 1595 647 1655 baec
659 1596 711 1669 sub
722 1595 786 1654 luce
798 1595 898 1674 videri,

138 1676 241 1738 ludiois
255 1687 381 1757 argutum
394 1696 467 1758 quae
479 1695 535 1739 non
546 1679 675 1738 formidat
686 1697 818 1748 acumem

139 1761 216 1822 Haec
227 1761 333 1840 placuit
342 1762 449 1840 semel,
464 1763 536 1822 haec
547 1761 644 1822 decies
656 1765 774 1842 repetita
786 1763 918 1842 placebit.

75 1880 78 1886 ·
138 1846 262 1906 Omaior
272 1848 418 1918 iuvenum,
435 1846 562 1924 quamvis
574 1855 602 1906 et
616 1863 689 1905 voce
700 1855 815 1924 paterna

136 1929 267 2008 Fingeris
278 1929 431 1989 adrentum
443 1937 472 1988 et
484 1946 536 2007 per
546 1937 574 1988 te
586 1931 680 2006 sapis,
697 1929 752 1989 hoc
764 1909 814 1990 tibi
826 1929 928 1991 dictum

136 2008 218 2073 Tolle
228 2028 351 2072 memor:
368 2012 453 2072 certis
464 2011 583 2072 medium
596 2023 624 2074 et
634 2012 782 2074 tolerabile
793 2015 878 2074 rebus

136 2097 228 2156 Recte
236 2095 358 2155 'concedi
369 2129 381 2138 ·
394 2095 538 2156 consultus
550 2096 617 2156 iuris
630 2107 658 2157 ct
668 2107 748 2157 actor

137 2179 290 2240 Gausamm
300 2178 452 2240 mediocris
464 2179 546 2240 abest
556 2175 659 2241 virtute
671 2180 767 2242 diserti
1036 2187 1099 2249 370

135 2263 294 2341 Messalae,
314 2280 368 2324 nec
379 2265 433 2322 scit
444 2273 574 2344 quantum
587 2261 745 2325 Cascellius
755 2261 855 2340 Aulus,
894 2276 897 2284 ·

135 2348 193 2408 Sed
204 2357 296 2408 tamen
307 2349 335 2408 in
346 2348 437 2426 pretio
450 2356 532 2416 cst·;
548 2347 737 2408 mediocribus
750 2363 816 2405 esse
827 2350 921 2425 potitis
994 2347 1018 2428 f

54 2463 58 2474 =
134 2431 199 2492 Non
209 2433 353 2509 homines,
373 2447 429 2490 non
441 2430 484 2510 dl,
499 2449 556 2492 non
566 2449 735 2492 concessere
748 2430 904 2491 columnae.
934 2450 950 2478 s
1001 2412 1018 2446 ³

134 2515 171 2577 Ut
181 2524 275 2593 gratas
286 2517 359 2576 inter
368 2518 480 2575 medeas
495 2516 661 2593 symphonia
672 2515 782 2575 discors

134 2599 170 2658 Et
183 2617 308 2659 crassum
323 2607 493 2678 unguentum
505 2609 533 2659 et
544 2599 633 2660 Sardo
646 2617 708 2659 cum
720 2598 804 2659 melle
818 2616 941 2678 papaver
1035 2605 1095 2666 375

134 2683 299 2760 Offendunt,
320 2691 429 2762 poterat
441 2681 505 2743 duci
517 2687 582 2764 quia
591 2681 681 2743 coena*
691 2687 753 2744 sine
767 2685 843 2743 istis:

133 2768 182 2828 Sic
196 2769 294 2828 animis
305 2776 396 2828 nutum
408 2769 606 2847 inventumque
618 2775 719 2846 poema
731 2767 868 2846 iuvandis,

20 2907 24 2913 .
133 2853 163 2911 Si
175 2852 287 2931 paulum
299 2867 407 2912 summo
421 2850 562 2928 decessit,
580 2855 672 2930 vergit
685 2851 719 2911 ad
733 2853 824 2912 imum.

132 2935 240 2996 Ludere
252 2937 299 3015 qui
311 2937 418 3011 nescit,
433 2937 635 3013 campestribus
650 2934 771 2995 abstinet
782 2937 875 3013 armis,

131 3018 322 3101 lndoctnsqite
334 3020 409 3102 pilae
421 3017 528 3079 discive
542 3021 669 3080 trochive
681 3021 811 3098 quiescit,
1031 3023 1094 3086 380

131 3102 175 3163 Nc
187 3105 298 3182 spissae
309 3105 395 3163 risum
406 3102 504 3164 tollant
517 3106 629 3183 impunc
641 3119 780 3179 coronae:

132 3187 186 3260 Qut
198 3190 289 3248 nescit
308 3203 407 3248 versus
429 3195 521 3248 tamen
532 3188 616 3249 audet
627 3183 754 3264 lingere?
776 3185 931 3259 touton?

130 3270 214 3332 Liber
224 3280 252 3330 ct
262 3272 420 3348 ingenuus,
438 3273 601 3349 praesertim
613 3289 714 3330 census
726 3279 887 3350 equestrem

131 3356 269 3416 Summam
281 3371 466 3432 nummorum,
485 3358 611 3434 vitioque
622 3364 746 3415 remotus
757 3355 792 3414 ab
804 3357 931 3489 omniu*
