2556 3990
184 205 231 252 bn
483 203 530 250 DE
552 202 634 248 VITA
653 202 697 248 ΕΤ
720 201 872 250 SCRIPTIS

181 363 282 420 acerba
303 361 487 431 castigatione
508 361 668 416 insectatur.
713 361 771 418 lloc
788 366 830 419 est
847 361 933 430 illud,
954 362 1027 432 quod
1050 360 1111 432 ipse
1133 361 1170 420 dc

181 463 213 502 se
228 445 372 517 profitetur
390 444 447 502 Sat.
465 446 487 513 l,
502 451 529 512 1,
546 450 593 501 24:
617 440 795 516 ‘quamquam
810 445 945 500 ridentem
967 446 1058 500 dicere
1075 459 1169 500 cerum

182 529 247 600 quid
262 526 371 598 vetat',
395 528 493 598 quibus
510 528 648 583 consentit
667 529 798 584 iudicium
812 529 916 600 Persii,
939 528 1074 600 Lucilium
1093 544 1169 584 com-

181 612 304 684 parantis
321 629 381 668 eum
394 611 509 668 Horatio
527 611 583 667 Sat.
601 611 623 680 l,
639 617 690 670 ll4
705 629 783 684 seqq.

456 737 463 750 .
509 737 515 749 ,
560 691 667 750 ‘secuit
681 696 800 751 lucilius
817 696 912 772 urbem

306 785 334 835 te
345 781 435 852 Lupe,
453 785 480 834 te
495 779 576 847 lluti,
594 785 622 836 et
635 779 783 849 genuinum
803 779 889 849 fregit
904 779 932 833 in
948 778 1019 843 illis;

303 880 384 920 omne
398 863 476 921 valer
490 863 585 918 vitium
596 863 698 918 ridenti
712 862 831 918 Flaccus
845 865 932 917 amico
1005 909 1008 914 .

192 971 195 979 ·
305 947 409 1017 tangit,
426 953 454 1001 et
469 946 604 1002 admissus
620 946 722 1002 circum
736 946 901 1017 praecordia
919 946 1004 1014 ludit,

306 1031 422 1086 callidus
439 1046 558 1087 excusso
573 1025 703 1102 populum
718 1030 889 1101 suspendere
904 1026 1000 1085 naso'.

264 1113 374 1168 Sata'rce
388 1110 570 1186 (secturae,
593 1130 663 1184 quae
685 1129 741 1169 von
754 1113 869 1184 proprie
889 1113 1029 1184 significat
1045 1129 1167 1183 carmen,

181 1215 234 1270 quo
251 1198 285 1254 de
300 1198 391 1252 multis
410 1204 438 1253 et
459 1199 545 1255 variis
566 1197 650 1252 rebus
672 1196 844 1267 disputatur,
865 1203 894 1250 ut
913 1198 983 1252 lcum
997 1201 1094 1252 saturo
1112 1203 1167 1266 est,

109 1301 113 1306 ·
180 1298 250 1352 quae
264 1282 368 1338 referta
385 1288 428 1337 est
445 1281 535 1336 multis
553 1287 580 1334 et
594 1279 680 1336 variis
701 1279 849 1350 primitiis,
871 1286 899 1334 ct
915 1281 962 1336 lex
974 1285 1086 1346 sutura,
1112 1297 1167 1350 qua

178 1365 309 1423 diversae
328 1366 410 1422 simul
430 1383 475 1422 res
499 1360 781 1437 comprehenduntur)
806 1380 912 1422 nomen,
930 1363 974 1419 bis
998 1364 1166 1420 carminibus

178 1448 309 1504 Horatius
327 1451 388 1520 ipse
405 1447 590 1519 compluribus
606 1447 677 1502 locis
693 1446 840 1518 imposuit,
864 1447 902 1502 uti
922 1447 979 1504 Sat.
997 1447 1032 1517 11,
1051 1456 1077 1516 l,
1095 1454 1120 1504 1.
1136 1452 1165 1516 6,

178 1537 227 1600 17,
246 1548 405 1603 quamquam
423 1531 505 1599 alibi,
521 1536 550 1584 ut
565 1529 651 1601 Epist.
668 1531 695 1599 Ι,
711 1535 744 1600 4,
760 1538 783 1589 1.
809 1531 843 1601 ΙΙ,
859 1537 886 1600 2,
900 1529 951 1600 so,
969 1529 1076 1586 Satires
1097 1529 1164 1603 Ser-

177 1632 284 1669 monum
296 1615 482 1686 appellatione
495 1613 647 1682 denctavit,
664 1614 766 1685 quippe
779 1632 891 1685 quarum
903 1615 1025 1670 elocutio
1038 1610 1165 1670 sit‘ser-

177 1698 249 1752 moni
266 1697 398 1768 propior'
414 1694 487 1771 (Sat.
503 1696 526 1765 l,
539 1702 566 1765 4,
579 1692 644 1769 41),
662 1713 741 1770 quam
756 1698 792 1752 ob
807 1715 865 1754 reru
878 1705 905 1753 et
921 1694 1095 1769 ‘pedestrem
1107 1697 1165 1750 llu-

176 1778 252 1835 sam'
282 1775 355 1852 (Sat.
377 1781 417 1850 ΙΙ,
439 1776 541 1853 6,17)
567 1787 596 1834 ut
619 1781 752 1852 epistolas
776 1780 941 1851 ‘sermones
961 1788 1091 1853 repentes
1114 1796 1165 1851 per

175 1860 300 1919 humum'
323 1860 426 1937 (Epist.
442 1863 484 1932 ΙΙ,
506 1871 540 1932 1,
558 1870 610 1921 250
627 1859 723 1937 seqq.)
741 1866 866 1922 modeste
887 1866 1017 1937 appellat.
1034 1893 1076 1907 -
1095 1863 1165 1918 lluio

175 1948 296 2003 sermoni
308 1953 390 2018 poeta
402 1947 518 2004 mirifica
529 1953 588 2003 arte
601 1948 742 2020 adaptavit
750 1950 937 2005 hexametrum
945 1945 1059 2004 versurn'
1066 1949 1093 2003 in
1103 1963 1164 2002 ser-

84 2033 85 2041 ’
176 2031 331 2088 mocinandi
345 2031 468 2102 speciem
485 2031 691 2089 conformatum.
726 2031 801 2098 Quae
819 2040 908 2088 tamen
925 2034 1005 2090 lictae
1024 2031 1164 2088 cuiusdam

174 2115 365 2189 negligentiae
381 2115 518 2178 simulatio
536 2132 596 2171 cum
612 2132 662 2187 per
677 2116 789 2187 longum
802 2123 909 2190 tempus
926 2117 1048 2174 virorum
1066 2116 1164 2170 docto-

175 2216 233 2253 rum
249 2199 362 2254 acumen
379 2199 513 2269 fugisset,
533 2198 561 2253 C.
575 2199 768 2270 llorgcnstern
781 2201 809 2256 in
822 2201 944 2270 eleganti
961 2200 1058 2256 libello
1070 2196 1165 2256 uesc-

174 2284 245 2336 tiroe
261 2281 341 2354 cuque
354 2282 495 2352 Epistulae
508 2282 681 2340 Horatianus
689 2283 851 2340 dacrtnuue
866 2284 930 2339 inde
948 2298 1035 2351 apag.
1053 2286 1165 2340 att—50

174 2372 240 2436 post
254 2366 392 2422 lllotaium
413 2367 440 2421 in
455 2366 625 2422 Lectionibus
647 2367 790 2424 Venusinis
805 2383 867 2439 pag.
884 2371 917 2424 82
937 2381 1015 2432 seq,
1036 2364 1165 2420 Flaccum

175 2464 229 2504 non
249 2450 316 2504 artis
331 2451 416 2520 vitio,
434 2451 484 2506 sed
500 2450 612 2508 consilii
627 2450 691 2520 lege
708 2451 750 2506 sui
766 2451 792 2505 in
806 2447 904 2506 Satiris
921 2453 949 2500 et
962 2445 1097 2518 Epistolis
1114 2449 1164 2502 de-

174 2533 299 2588 seruisse
319 2549 440 2590 normam
462 2551 560 2590 versus
581 2533 706 2602 heroici,
732 2533 840 2588 idoneis
868 2530 1021 2586 rationibus
1049 2531 1162 2586 demon-

175 2615 289 2684 stravit,
307 2633 385 2686 qnam
401 2634 459 2672 rern
474 2623 571 2688 postea
588 2614 616 2669 C.
630 2616 765 2671 llirebner
780 2616 808 2669 in
824 2614 967 2689 prooemio
981 2614 1097 2671 editioni
1110 2615 1162 2672 Sa-

173 2699 287 2752 tirarum
312 2699 522 2756 Horatianarurn
549 2698 614 2753 libri
642 2699 654 2752 Ι
685 2696 800 2772 (Strals.
831 2694 913 2771 1829)
942 2700 1067 2770 praefixo
1095 2714 1159 2770 pag.

85 2819 96 2831 -
174 2781 383 2837 XXX-LXXV
398 2783 433 2838 ad
448 2782 580 2852 liquidum
596 2781 762 2850 perduxisse
777 2781 912 2852 putandus
929 2789 980 2836 est.

257 2865 387 2936 Epistolis
408 2865 527 2934 denique
543 2863 665 2933 Horatii,
687 2881 757 2934 quse
778 2864 904 2935 singulae
926 2865 1043 2935 singulis
1067 2865 1161 2921 amicis
1174 2852 1189 2868 '

174 2955 202 3005 et
220 2948 365 3020 personis,
389 2947 450 3005 sire
472 2947 548 3003 veris
573 2946 634 3002 sive
661 2948 771 3018 poetice
794 2949 865 3004 fictis
892 2944 938 3022 (ut
957 2948 1045 3021 Epist.
1067 2949 1095 3018 Ι,
1118 2955 1160 3007 13.

174 3037 216 3094 14.
238 3028 288 3106 20)
302 3031 455 3102 inscriptae
479 3036 507 3086 ot
526 3037 557 3092 ut
577 3029 685 3086 Satirac
705 3033 827 3088 sermoni
843 3033 992 3105 propiores
1012 3039 1092 3101 sunt,
1114 3031 1162 3086 vix

175 3116 322 3187 quidquam
336 3115 454 3186 reperiri
473 3120 569 3186 potest
585 3115 657 3170 inter
675 3116 847 3186 antiquitatis
867 3121 1040 3173 monumenta
1064 3114 1160 3190 utilius

173 3199 218 3254 vel
233 3200 268 3256 ad
283 3199 357 3256 ritae
375 3199 510 3256 rationem
525 3200 596 3255 bene
612 3204 640 3254 et
655 3199 796 3270 sapienter
812 3200 972 3271 ineundam,
988 3200 1033 3256 vel
1047 3199 1081 3257 ad
1096 3197 1162 3254 lite·
1271 3191 1272 3198 '

173 3299 264 3339 rarnrn
283 3290 365 3355 atque
382 3285 496 3353 artium,
511 3283 629 3339 maxime
645 3289 766 3354 poeseos
782 3283 900 3340 studium
909 3289 992 3338 ¹recte
1007 3282 1162 3338 diiudican-

174 3367 237 3422 dum
250 3373 279 3422 et
293 3368 347 3423 rite
363 3368 587 3439 promovendum.
632 3367 662 3424 ln
676 3367 818 3438 plerisque
833 3369 904 3424 enim
925 3366 1052 3437 epistolis
1067 3369 1162 3436 po'e'ta,
1244 3359 1249 3366 ’

175 3451 238 3522 qui,
253 3452 353 3524 positis
371 3453 496 3510 omnibus
519 3450 651 3521 ludicris,
674 3456 765 3508 aetate
781 3451 942 3528 provectior
960 3449 1013 3506 iam
1029 3447 1117 3506 omnis
1133 3446 1162 3502 in
