2556 3988
93 219 98 225 ·
175 219 277 289 [Epist.
290 217 328 292 s]
413 289 415 294 ,
526 207 677 278 ¹neon
693 217 729 278 n.
835 228 840 234 ·
1075 215 1136 276 ιιι

173 366 264 427 Dives
275 369 366 444 agris
384 367 465 426 dives
477 370 580 444 positis
589 371 617 428 in
628 369 747 430 foenore
757 370 885 430 nummis
980 397 982 404 ·

174 452 205 510 Si
219 468 289 511 vero
301 463 364 528 est,
381 460 492 510 unctum
504 454 551 530 qui
563 463 641 513 recte
653 469 761 531 ponere
775 455 867 531 possit

172 531 214 594 Et
221 535 363 615 spondere
374 534 430 594 levi
443 551 495 612 pro
506 554 632 614 paupere
643 547 671 598 et
682 540 792 614 eripere
804 538 870 596 atris
974 543 980 560 ”

172 620 280 679 Litibus
291 619 471 697 implicitum,
487 621 662 696 mirabor,
639 641 663 680 ιι
674 622 746 680 sciet
757 623 841 680 inter·
900 659 901 662 =

172 721 296 764 noscere
306 702 468 762 mendacem
479 721 632 782 verumque
643 705 742 765 beatus
753 722 879 764 amicum
1074 703 1135 766 425

172 786 214 847 Tu
229 805 280 848 sen
292 787 403 848 donaris
415 805 466 846 seu
478 787 545 865 quid
556 789 660 864 donare
672 787 754 849 voles
768 791 823 864 oui,
917 844 919 853 ,

172 871 269 931 Nolito
282 872 317 932 ad
327 890 428 931 versos
438 869 488 930 tibi
500 871 591 932 iactos
604 873 709 934 ducere
720 872 832 950 plenum

171 955 1062 1033 Laetitiae:clamabiteninr‚,Pnlchre!“„BeneiRecteW---p

173 1039 314 1100 Pallesoet
325 1042 411 1117 super
421 1039 479 1115 his,
494 1041 576 1099 etiarn
587 1041 701 1100 stillabit
712 1041 809 1100 amicis
974 1095 977 1101 .

172 1123 217 1182 Ex
228 1122 319 1184 oculis
331 1139 439 1200 rorem
456 1123 553 1199 saliet,
568 1125 664 1185 tundet
676 1124 749 1202 pede
760 1132 870 1182 terram
986 1143 989 1148 ·
1073 1122 1136 1186 430

172 1207 209 1267 Ut
218 1225 289 1286 ,qur
282 1207 433 1267 conducti
445 1207 594 1284 plorantur
607 1207 834 1287 iunere‚dicunt
1032 1211 1034 1222 '

171 1290 208 1350 Et
221 1291 325 1350 iaciunt
336 1308 427 1369 prope
434 1288 525 1389 plura
529 1291 691 1354 dolentibus
703 1292 856 1371 exanimo,
871 1291 912 1349 sio

172 1375 290 1435 Derisor
301 1391 370 1434 uero
382 1366 446 1452 plus
457 1375 600 1436 laudatore
608 1385 745 1435 movetur
834 1418 841 1442 .

171 1459 269 1538 Reges
282 1459 410 1519 dicuntur
421 1458 514 1520 multis
526 1479 628 1538 urgere
640 1459 750 1520 culullrs
898 1498 922 1534 a.

170 1542 207 1603 Et
218 1553 352 1622 torquere
362 1561 440 1602 roero
450 1563 554 1623 quern
565 1563 748 1624 perspexisse
759 1543 895 1619 laborant

144 1699 145 1703 Ἰ
170 1627 215 1686 An
226 1629 393 1688 sitamicitia
405 1627 522 1704 dignus·
534 1631 558 1688 si
570 1631 689 1688 carmina
702 1627 860 1703 condes,
867 1685 871 1698 ,
901 1649 929 1713 9<

91 1719 138 1795 T<
172 1705 318 1790 Nunquam
329 1720 358 1770 te
370 1711 466 1772 iailant
476 1715 559 1772 animi
551 1714 622 1772 sub
633 1712 718 1789 vulpe
730 1699 872 1770 latentes

173 1795 325 1870 Quinctilio
341 1796 443 1875 siquid
458 1799 608 1872 recitares,
621 1793 782 1872 ‚‚Corrige,
799 1793 896 1870 sodes,

171 1880 281 1956 „Hoc“
294 1879 387 1939 aiebat
398 1889 450 1956 „et
461 1876 526 1939 hdc.
530 1883 551 1916 “
572 1879 674 1940 Melius
685 1889 713 1938 te
726 1897 813 1956 posse
823 1895 954 1956 negares,

171 1964 219 2022 Bis
230 1972 332 2041 terque
347 1972 491 2044 expertein
504 1963 617 2023 frustra:
636 1962 733 2023 delere
748 1960 860 2021 iubebat

171 2046 207 2105 Et
219 2045 290 2105 niele
303 2055 428 2105 tornatos
442 2033 535 2106 incudi
550 2047 668 2106 reddere
680 2065 789 2106 versus.

85 2177 86 2180 ι
172 2132 201 2189 Si
215 2128 370 2189 defendere
382 2130 514 2189 delictum
529 2149 610 2210 quarn
621 2141 732 2190 vertere
743 2124 855 2195 malles:

170 2213 282 2274 Nullum
293 2211 364 2272 ultra
375 2215 491 2274 verbnm
501 2225 548 2274 ant
559 2231 673 2292 operam
684 2213 859 2274 insumebat
851 2229 971 2288 inanem,

172 2298 280 2371 Quin
256 2315 317 2358 sine
328 2296 407 2356 rivali
419 2307 505 2376 teque
518 2308 547 2358 et
557 2308 603 2359 tua
617 2293 706 2363 selus
707 2315 824 2357 ornares
978 2303 997 2351 t

83 2374 86 2379 ’
170 2382 219 2441 Vir
229 2382 320 2440 bonus
336 2389 365 2439 et
376 2381 498 2458 prudens
514 2388 612 2444 versus
623 2371 813 2458 reprehendet
828 2382 942 2456 inertes,

170 2463 302 2543 culpabit
313 2465 413 2541 duros
431 2467 559 2525 incomtns
571 2465 665 2526 adlinet
676 2474 763 2524 atrum
861 2491 864 2495 ·

170 2549 342 2609 Transverso
355 2546 497 2608 calamo
473 2569 597 2627 signum,
614 2549 760 2609 ambitiosa
772 2548 880 2609 recidet

171 2631 353 2708 ornamenta,
372 2649 467 2710 parurn
481 2633 565 2693 claris
576 2633 668 2692 lucem
680 2632 747 2692 darc
760 2643 856 2710 coget,

168 2717 278 2794 Arguet
288 2717 419 2794 ambigue
431 2715 549 2794 dictum,
566 2717 693 2776 mutando
704 2717 821 2791 notabit,

167 2801 231 2862 Fiet
241 2800 435 2868 Aristarchum
450 2817 507 2861 non
520 2800 595 2860 dicei
607 2799 689 2877 „Gur
700 2818 755 2878 ego
767 2802 884 2860 amioum

121 2931 137 2948 .,
168 2883 274 2962 „Oiien
295 2903 338 2944 aur
350 2886 377 2944 in
388 2881 515 2962 ιιιιςίιῗ(ι
531 2885 591 2945 Hae
603 2903 695 2962 nugae
706 2886 779 2944 seria
791 2883 892 2943 ducent
922 2899 940 2966 ‘p
964 2911 983 2954 „5

117 3035 122 3045 l
146 2967 200 3032 ,Ιιι
210 2967 285 3033 maia
294 2967 417 3028 densum
428 2967 516 3028 semel
532 2978 739 3047 exceptumque
750 2969 872 3028 sinistre.
924 2965 935 3004 s‘
959 3004 962 3018 ι

168 3051 205 3117 Ut
216 3052 287 3112 mala
303 3069 386 3130 quern
398 3054 510 3112 scabies
521 3062 568 3113 aut
579 3053 693 3112 morbus
705 3054 802 3129 regins
813 3061 895 3129 urget

168 3135 224 3195 Aut
234 3134 370 3195 fanaticus
381 3153 460 3196 error
471 3146 499 3196 et
510 3135 640 3196 iracunda
654 3135 753 3211 Diana,

168 3218 307 3278 Vesannm
318 3221 448 3297 tetigisse
460 3221 556 3280 timent
567 3220 733 3298 fugiuntque
745 3225 868 3298 poetam,

169 3301 225 3375 Qut
237 3303 361 3380 sapiunt;
377 3305 483 3382 agitant
493 3305 573 3382 pueri
585 3306 745 3382 incautique
757 3313 918 3380 sequnntur.
