<?xml version="1.0" encoding="UTF-8"?>
<!DOCTYPE html PUBLIC "-//W3C//DTD XHTML 1.0 Transitional//EN"
    "http://www.w3.org/TR/xhtml1/DTD/xhtml1-transitional.dtd">
<html xmlns="http://www.w3.org/1999/xhtml" xml:lang="en" lang="en">
 <head>
  <title>
</title>
<meta http-equiv="Content-Type" content="text/html;charset=utf-8" />
  <meta name='ocr-system' content='tesseract 3.04.00' />
  <meta name='ocr-capabilities' content='ocr_page ocr_carea ocr_par ocr_line ocrx_word'/>
</head>
<body>
  <div class='ocr_page' id='page_1' title='image "./qhoratiiflaccio01schmgoog_0181.png"; bbox 0 0 2536 3986; ppageno 0'>
   <div class='ocr_carea' id='block_1_1' title="bbox 587 208 1146 304">
    <p class='ocr_par' dir='ltr' id='par_1_1' title="bbox 587 208 1146 304">
     <span class='ocr_line' id='line_1_1' title="bbox 587 208 1146 304; baseline 0.021 -34"><span class='ocrx_word' id='word_1_1' title='bbox 587 208 742 272; x_wconf 76' lang='lat' dir='ltr'><strong>EPODON</strong></span> <span class='ocrx_word' id='word_1_2' title='bbox 1029 225 1146 304; x_wconf 70' lang='lat' dir='ltr'>[oue]</span> 
     </span>
    </p>
   </div>
   <div class='ocr_carea' id='block_1_2' title="bbox 416 379 892 556">
    <p class='ocr_par' dir='ltr' id='par_1_2' title="bbox 416 379 892 556">
     <span class='ocr_line' id='line_1_2' title="bbox 577 379 750 450; baseline 0.017 -17"><span class='ocrx_word' id='word_1_3' title='bbox 577 379 674 435; x_wconf 73' lang='lat' dir='ltr'>on!</span> <span class='ocrx_word' id='word_1_4' title='bbox 706 380 750 450; x_wconf 80' lang='lat' dir='ltr'>v.¹</span> 
     </span>
     <span class='ocr_line' id='line_1_3' title="bbox 416 482 892 556; baseline 0.023 -12"><span class='ocrx_word' id='word_1_5' title='bbox 416 482 457 544; x_wconf 78' lang='lat' dir='ltr'>ru</span> <span class='ocrx_word' id='word_1_6' title='bbox 474 493 650 549; x_wconf 75' lang='lat' dir='ltr'>currimns</span> <span class='ocrx_word' id='word_1_7' title='bbox 669 497 892 556; x_wconf 79' lang='lat' dir='ltr'>vnnnrrcan.</span> 
     </span>
    </p>
   </div>
   <div class='ocr_carea' id='block_1_3' title="bbox 207 610 995 3368">
    <p class='ocr_par' dir='ltr' id='par_1_3' title="bbox 207 610 995 3368">
     <span class='ocr_line' id='line_1_4' title="bbox 327 610 948 700; baseline 0.019 -30"><span class='ocrx_word' id='word_1_8' title='bbox 327 610 403 688; x_wconf 61' lang='lat' dir='ltr'>„Aa</span> <span class='ocrx_word' id='word_1_9' title='bbox 423 612 569 674; x_wconf 88' lang='lat' dir='ltr'>odeorunr</span> <span class='ocrx_word' id='word_1_10' title='bbox 582 615 717 694; x_wconf 88' lang='lat' dir='ltr'>quidquid</span> <span class='ocrx_word' id='word_1_11' title='bbox 732 620 764 678; x_wconf 90' lang='lat' dir='ltr'>in</span> <span class='ocrx_word' id='word_1_12' title='bbox 776 620 859 693; x_wconf 81' lang='lat' dir='ltr'>coelo</span> <span class='ocrx_word' id='word_1_13' title='bbox 874 623 948 700; x_wconf 76' lang='lat' dir='ltr'>regit</span> 
     </span>
     <span class='ocr_line' id='line_1_5' title="bbox 380 693 818 780; baseline 0.021 -26"><span class='ocrx_word' id='word_1_14' title='bbox 380 693 505 771; x_wconf 63' lang='lat' dir='ltr'>‚Jonas</span> <span class='ocrx_word' id='word_1_15' title='bbox 518 706 546 756; x_wconf 93' lang='lat' dir='ltr'>et</span> <span class='ocrx_word' id='word_1_16' title='bbox 557 699 704 758; x_wconf 87' lang='lat' dir='ltr'>humanum</span> <span class='ocrx_word' id='word_1_17' title='bbox 715 719 818 780; x_wconf 80' lang='lat' dir='ltr'>genus,</span> 
     </span>
     <span class='ocr_line' id='line_1_6' title="bbox 328 777 975 866; baseline 0.025 -29"><span class='ocrx_word' id='word_1_18' title='bbox 328 777 427 854; x_wconf 82' lang='lat' dir='ltr'>„Quid</span> <span class='ocrx_word' id='word_1_19' title='bbox 439 781 494 840; x_wconf 90' lang='lat' dir='ltr'>iste</span> <span class='ocrx_word' id='word_1_20' title='bbox 506 779 561 840; x_wconf 84' lang='lat' dir='ltr'>fert</span> <span class='ocrx_word' id='word_1_21' title='bbox 571 782 727 860; x_wconf 72' lang='lat' dir='ltr'>tumultus‚‘</span> <span class='ocrx_word' id='word_1_22' title='bbox 737 793 765 844; x_wconf 92' lang='lat' dir='ltr'>et</span> <span class='ocrx_word' id='word_1_23' title='bbox 776 788 843 866; x_wconf 86' lang='lat' dir='ltr'>quid</span> <span class='ocrx_word' id='word_1_24' title='bbox 854 793 975 852; x_wconf 84' lang='lat' dir='ltr'>omniurn</span> 
     </span>
     <span class='ocr_line' id='line_1_7' title="bbox 378 863 828 938; baseline 0.022 -17"><span class='ocrx_word' id='word_1_25' title='bbox 378 863 500 938; x_wconf 87' lang='lat' dir='ltr'>„Vultus</span> <span class='ocrx_word' id='word_1_26' title='bbox 515 865 640 938; x_wconf 88' lang='lat' dir='ltr'>inunum</span> <span class='ocrx_word' id='word_1_27' title='bbox 655 885 700 927; x_wconf 88' lang='lat' dir='ltr'>me</span> <span class='ocrx_word' id='word_1_28' title='bbox 711 869 828 931; x_wconf 79' lang='lat' dir='ltr'>truces?</span> 
     </span>
     <span class='ocr_line' id='line_1_8' title="bbox 234 943 881 1030; baseline 0.025 -29"><span class='ocrx_word' id='word_1_29' title='bbox 234 956 236 962; x_wconf 85' lang='lat'>&#39;</span> <span class='ocrx_word' id='word_1_30' title='bbox 330 943 408 1021; x_wconf 83' lang='lat' dir='ltr'>„Per</span> <span class='ocrx_word' id='word_1_31' title='bbox 422 945 529 1008; x_wconf 90' lang='lat' dir='ltr'>liberos</span> <span class='ocrx_word' id='word_1_32' title='bbox 539 956 587 1024; x_wconf 89' lang='lat' dir='ltr'>te,</span> <span class='ocrx_word' id='word_1_33' title='bbox 600 951 624 1007; x_wconf 89' lang='lat' dir='ltr'>si</span> <span class='ocrx_word' id='word_1_34' title='bbox 634 960 736 1011; x_wconf 81' lang='lat' dir='ltr'>uocata</span> <span class='ocrx_word' id='word_1_35' title='bbox 747 956 881 1030; x_wconf 85' lang='lat' dir='ltr'>partubus</span> 
     </span>
     <span class='ocr_line' id='line_1_9' title="bbox 377 1028 689 1110; baseline 0.01 -21"><span class='ocrx_word' id='word_1_36' title='bbox 377 1028 506 1106; x_wconf 84' lang='lat' dir='ltr'>„bucina</span> <span class='ocrx_word' id='word_1_37' title='bbox 515 1033 591 1090; x_wconf 85' lang='lat' dir='ltr'>voris</span> <span class='ocrx_word' id='word_1_38' title='bbox 602 1033 689 1110; x_wconf 83' lang='lat' dir='ltr'>affuit,</span> 
     </span>
     <span class='ocr_line' id='line_1_10' title="bbox 329 1111 945 1204; baseline 0.023 -33"><span class='ocrx_word' id='word_1_39' title='bbox 329 1111 406 1190; x_wconf 85' lang='lat' dir='ltr'>„Per</span> <span class='ocrx_word' id='word_1_40' title='bbox 419 1115 475 1174; x_wconf 90' lang='lat' dir='ltr'>boc</span> <span class='ocrx_word' id='word_1_41' title='bbox 486 1116 566 1174; x_wconf 87' lang='lat' dir='ltr'>inane</span> <span class='ocrx_word' id='word_1_42' title='bbox 579 1133 719 1194; x_wconf 76' lang='lat' dir='ltr'>purpurae</span> <span class='ocrx_word' id='word_1_43' title='bbox 730 1119 818 1180; x_wconf 88' lang='lat' dir='ltr'>decus</span> <span class='ocrx_word' id='word_1_44' title='bbox 832 1140 945 1204; x_wconf 80' lang='lat' dir='ltr'><strong>precor,</strong></span> 
     </span>
     <span class='ocr_line' id='line_1_11' title="bbox 378 1195 890 1284; baseline 0.023 -29"><span class='ocrx_word' id='word_1_45' title='bbox 378 1195 456 1273; x_wconf 89' lang='lat' dir='ltr'>„Per</span> <span class='ocrx_word' id='word_1_46' title='bbox 465 1197 682 1276; x_wconf 79' lang='lat' dir='ltr'>improbaturum</span> <span class='ocrx_word' id='word_1_47' title='bbox 695 1201 766 1262; x_wconf 92' lang='lat' dir='ltr'>baeo</span> <span class='ocrx_word' id='word_1_48' title='bbox 782 1202 890 1284; x_wconf 85' lang='lat' dir='ltr'>lovem,</span> 
     </span>
     <span class='ocr_line' id='line_1_12' title="bbox 329 1279 908 1358; baseline 0.024 -21"><span class='ocrx_word' id='word_1_49' title='bbox 329 1279 428 1358; x_wconf 86' lang='lat' dir='ltr'>„Quid</span> <span class='ocrx_word' id='word_1_50' title='bbox 444 1289 473 1340; x_wconf 91' lang='lat' dir='ltr'>ut</span> <span class='ocrx_word' id='word_1_51' title='bbox 483 1299 607 1342; x_wconf 83' lang='lat' dir='ltr'>noverea</span> <span class='ocrx_word' id='word_1_52' title='bbox 620 1302 665 1343; x_wconf 89' lang='lat' dir='ltr'>me</span> <span class='ocrx_word' id='word_1_53' title='bbox 680 1287 796 1347; x_wconf 87' lang='lat' dir='ltr'>intueris</span> <span class='ocrx_word' id='word_1_54' title='bbox 809 1299 856 1349; x_wconf 89' lang='lat' dir='ltr'>aut</span> <span class='ocrx_word' id='word_1_55' title='bbox 866 1293 908 1352; x_wconf 89' lang='lat' dir='ltr'>uti</span> 
     </span>
     <span class='ocr_line' id='line_1_13' title="bbox 379 1362 743 1440; baseline 0.019 -18"><span class='ocrx_word' id='word_1_56' title='bbox 379 1362 492 1440; x_wconf 84' lang='lat' dir='ltr'>„Petita</span> <span class='ocrx_word' id='word_1_57' title='bbox 507 1365 584 1425; x_wconf 84' lang='lat' dir='ltr'>ferro</span> <span class='ocrx_word' id='word_1_58' title='bbox 599 1366 713 1428; x_wconf 75' lang='lat' dir='ltr'>bellua?</span> <span class='ocrx_word' id='word_1_59' title='bbox 722 1373 743 1404; x_wconf 73' lang='lat'>‘⁶</span> 
     </span>
     <span class='ocr_line' id='line_1_14' title="bbox 295 1446 916 1528; baseline 0.021 -23"><span class='ocrx_word' id='word_1_60' title='bbox 295 1506 297 1514; x_wconf 69' lang='grc'>,</span> <span class='ocrx_word' id='word_1_61' title='bbox 328 1446 365 1507; x_wconf 92' lang='lat' dir='ltr'>Ut</span> <span class='ocrx_word' id='word_1_62' title='bbox 375 1448 446 1507; x_wconf 87' lang='lat' dir='ltr'>baec</span> <span class='ocrx_word' id='word_1_63' title='bbox 457 1452 585 1510; x_wconf 86' lang='lat' dir='ltr'>trementi</span> <span class='ocrx_word' id='word_1_64' title='bbox 599 1461 715 1528; x_wconf 89' lang='lat' dir='ltr'>questus</span> <span class='ocrx_word' id='word_1_65' title='bbox 728 1470 778 1514; x_wconf 89' lang='lat' dir='ltr'>ore</span> <span class='ocrx_word' id='word_1_66' title='bbox 792 1459 916 1519; x_wconf 84' lang='lat' dir='ltr'>constitit</span> 
     </span>
     <span class='ocr_line' id='line_1_15' title="bbox 378 1529 961 1614; baseline 0.017 -25"><span class='ocrx_word' id='word_1_67' title='bbox 378 1529 536 1608; x_wconf 79' lang='lat' dir='ltr'>Insignibus</span> <span class='ocrx_word' id='word_1_68' title='bbox 550 1537 637 1610; x_wconf 85' lang='lat' dir='ltr'>raptis</span> <span class='ocrx_word' id='word_1_69' title='bbox 653 1553 733 1614; x_wconf 84' lang='lat' dir='ltr'>puer,</span> <span class='ocrx_word' id='word_1_70' title='bbox 959 1535 961 1540; x_wconf 66' lang='grc'><strong>’</strong></span> 
     </span>
     <span class='ocr_line' id='line_1_16' title="bbox 266 1613 881 1702; baseline 0.024 -32"><span class='ocrx_word' id='word_1_71' title='bbox 266 1670 267 1676; x_wconf 70' lang='grc'>,</span> <span class='ocrx_word' id='word_1_72' title='bbox 328 1613 445 1690; x_wconf 88' lang='lat' dir='ltr'>impube</span> <span class='ocrx_word' id='word_1_73' title='bbox 454 1631 575 1692; x_wconf 79' lang='lat' dir='ltr'>corpus,</span> <span class='ocrx_word' id='word_1_74' title='bbox 589 1618 672 1695; x_wconf 87' lang='lat' dir='ltr'>quale</span> <span class='ocrx_word' id='word_1_75' title='bbox 685 1631 786 1697; x_wconf 87' lang='lat' dir='ltr'>posset</span> <span class='ocrx_word' id='word_1_76' title='bbox 796 1625 881 1702; x_wconf 76' lang='lat' dir='ltr'>inspic</span> 
     </span>
     <span class='ocr_line' id='line_1_17' title="bbox 237 1695 782 1780; baseline 0.02 -27"><span class='ocrx_word' id='word_1_77' title='bbox 237 1765 240 1776; x_wconf 22' lang='lat' dir='ltr'>f</span> <span class='ocrx_word' id='word_1_78' title='bbox 376 1695 487 1758; x_wconf 87' lang='lat' dir='ltr'>Mollire</span> <span class='ocrx_word' id='word_1_79' title='bbox 498 1697 634 1760; x_wconf 84' lang='lat' dir='ltr'>Thracum</span> <span class='ocrx_word' id='word_1_80' title='bbox 650 1713 782 1780; x_wconf 85' lang='lat' dir='ltr'>pectora;</span> 
     </span>
     <span class='ocr_line' id='line_1_18' title="bbox 329 1778 882 1868; baseline 0.016 -27"><span class='ocrx_word' id='word_1_81' title='bbox 329 1778 458 1858; x_wconf 78' lang='lat' dir='ltr'>Canidia,</span> <span class='ocrx_word' id='word_1_82' title='bbox 471 1782 606 1842; x_wconf 87' lang='lat' dir='ltr'>brevibus</span> <span class='ocrx_word' id='word_1_83' title='bbox 620 1786 762 1863; x_wconf 86' lang='lat' dir='ltr'>implicata</span> <span class='ocrx_word' id='word_1_84' title='bbox 775 1791 882 1868; x_wconf 80' lang='lat' dir='ltr'>viperis</span> 
     </span>
     <span class='ocr_line' id='line_1_19' title="bbox 381 1863 792 1949; baseline 0.019 -25"><span class='ocrx_word' id='word_1_85' title='bbox 381 1863 480 1925; x_wconf 80' lang='lat' dir='ltr'>Crines</span> <span class='ocrx_word' id='word_1_86' title='bbox 494 1874 522 1938; x_wconf 78' lang='lat' dir='ltr'>et</span> <span class='ocrx_word' id='word_1_87' title='bbox 532 1867 682 1928; x_wconf 81' lang='lat' dir='ltr'>incuratum</span> <span class='ocrx_word' id='word_1_88' title='bbox 698 1881 792 1949; x_wconf 82' lang='lat' dir='ltr'>caput,</span> 
     </span>
     <span class='ocr_line' id='line_1_20' title="bbox 327 1945 840 2034; baseline 0.018 -27"><span class='ocrx_word' id='word_1_89' title='bbox 327 1945 408 2008; x_wconf 90' lang='lat' dir='ltr'>Iubet</span> <span class='ocrx_word' id='word_1_90' title='bbox 419 1949 557 2026; x_wconf 89' lang='lat' dir='ltr'>sepulcris</span> <span class='ocrx_word' id='word_1_91' title='bbox 574 1954 721 2028; x_wconf 83' lang='lat' dir='ltr'>caprificos</span> <span class='ocrx_word' id='word_1_92' title='bbox 737 1964 840 2034; x_wconf 86' lang='lat' dir='ltr'>erutas,</span> 
     </span>
     <span class='ocr_line' id='line_1_21' title="bbox 375 2031 878 2110; baseline 0.02 -20"><span class='ocrx_word' id='word_1_93' title='bbox 375 2031 458 2091; x_wconf 88' lang='lat' dir='ltr'>lubet</span> <span class='ocrx_word' id='word_1_94' title='bbox 471 2049 623 2110; x_wconf 76' lang='lat' dir='ltr'>cupressus</span> <span class='ocrx_word' id='word_1_95' title='bbox 636 2036 768 2097; x_wconf 80' lang='lat' dir='ltr'>funebres</span> <span class='ocrx_word' id='word_1_96' title='bbox 877 2106 878 2110; x_wconf 44' lang='lat'>,</span> 
     </span>
     <span class='ocr_line' id='line_1_22' title="bbox 325 2112 872 2200; baseline 0.018 -27"><span class='ocrx_word' id='word_1_97' title='bbox 325 2112 362 2174; x_wconf 75' lang='lat' dir='ltr'>Et</span> <span class='ocrx_word' id='word_1_98' title='bbox 379 2125 461 2175; x_wconf 89' lang='lat' dir='ltr'>unctu</span> <span class='ocrx_word' id='word_1_99' title='bbox 473 2119 562 2194; x_wconf 85' lang='lat' dir='ltr'>turpis</span> <span class='ocrx_word' id='word_1_100' title='bbox 577 2135 630 2178; x_wconf 83' lang='lat' dir='ltr'>ova</span> <span class='ocrx_word' id='word_1_101' title='bbox 641 2138 725 2180; x_wconf 85' lang='lat' dir='ltr'>ranae</span> <span class='ocrx_word' id='word_1_102' title='bbox 737 2125 872 2200; x_wconf 79' lang='lat' dir='ltr'>sanguine</span> 
     </span>
     <span class='ocr_line' id='line_1_23' title="bbox 379 2197 835 2285; baseline 0.015 -27"><span class='ocrx_word' id='word_1_103' title='bbox 379 2197 560 2278; x_wconf 84' lang='lat' dir='ltr'>Plumamque</span> <span class='ocrx_word' id='word_1_104' title='bbox 573 2213 725 2264; x_wconf 87' lang='lat' dir='ltr'>noeturnae</span> <span class='ocrx_word' id='word_1_105' title='bbox 740 2208 835 2285; x_wconf 83' lang='lat' dir='ltr'>strigis</span> 
     </span>
     <span class='ocr_line' id='line_1_24' title="bbox 325 2276 922 2368; baseline 0.02 -28"><span class='ocrx_word' id='word_1_106' title='bbox 325 2276 506 2360; x_wconf 86' lang='lat' dir='ltr'>Herbasque‚</span> <span class='ocrx_word' id='word_1_107' title='bbox 520 2302 589 2362; x_wconf 88' lang='lat' dir='ltr'>quas</span> <span class='ocrx_word' id='word_1_108' title='bbox 600 2285 695 2346; x_wconf 82' lang='lat' dir='ltr'>Ibloos</span> <span class='ocrx_word' id='word_1_109' title='bbox 708 2297 793 2368; x_wconf 85' lang='lat' dir='ltr'>atque</span> <span class='ocrx_word' id='word_1_110' title='bbox 806 2289 922 2353; x_wconf 83' lang='lat' dir='ltr'>Hiberia</span> 
     </span>
     <span class='ocr_line' id='line_1_25' title="bbox 374 2365 747 2448; baseline 0.016 -22"><span class='ocrx_word' id='word_1_111' title='bbox 374 2365 457 2426; x_wconf 79' lang='lat' dir='ltr'>Mittit</span> <span class='ocrx_word' id='word_1_112' title='bbox 471 2384 643 2430; x_wconf 88' lang='lat' dir='ltr'>venenorum</span> <span class='ocrx_word' id='word_1_113' title='bbox 658 2371 747 2448; x_wconf 83' lang='lat' dir='ltr'>ferax,</span> 
     </span>
     <span class='ocr_line' id='line_1_26' title="bbox 324 2446 850 2530; baseline 0.019 -24"><span class='ocrx_word' id='word_1_114' title='bbox 324 2446 361 2507; x_wconf 86' lang='lat' dir='ltr'>Et</span> <span class='ocrx_word' id='word_1_115' title='bbox 376 2467 443 2510; x_wconf 90' lang='lat' dir='ltr'>ossa</span> <span class='ocrx_word' id='word_1_116' title='bbox 454 2451 488 2510; x_wconf 87' lang='lat' dir='ltr'>ab</span> <span class='ocrx_word' id='word_1_117' title='bbox 500 2467 549 2510; x_wconf 91' lang='lat' dir='ltr'>ore</span> <span class='ocrx_word' id='word_1_118' title='bbox 560 2463 638 2530; x_wconf 87' lang='lat' dir='ltr'>rapta</span> <span class='ocrx_word' id='word_1_119' title='bbox 650 2457 760 2515; x_wconf 88' lang='lat' dir='ltr'>ieiunae</span> <span class='ocrx_word' id='word_1_120' title='bbox 772 2460 850 2518; x_wconf 84' lang='lat' dir='ltr'>oanis</span> 
     </span>
     <span class='ocr_line' id='line_1_27' title="bbox 376 2531 763 2598; baseline 0.016 -7"><span class='ocrx_word' id='word_1_121' title='bbox 376 2531 506 2593; x_wconf 80' lang='lat' dir='ltr'>Flammis</span> <span class='ocrx_word' id='word_1_122' title='bbox 520 2534 597 2594; x_wconf 88' lang='lat' dir='ltr'>aduri</span> <span class='ocrx_word' id='word_1_123' title='bbox 610 2536 763 2598; x_wconf 78' lang='lat' dir='ltr'>Colchicis.</span> 
     </span>
     <span class='ocr_line' id='line_1_28' title="bbox 296 2614 995 2706; baseline 0.017 -33"><span class='ocrx_word' id='word_1_124' title='bbox 296 2633 300 2658; x_wconf 66' lang='lat'><strong><em>¹</em></strong></span> <span class='ocrx_word' id='word_1_125' title='bbox 324 2614 361 2674; x_wconf 79' lang='lat' dir='ltr'>At</span> <span class='ocrx_word' id='word_1_126' title='bbox 375 2616 505 2694; x_wconf 83' lang='lat' dir='ltr'>expedita</span> <span class='ocrx_word' id='word_1_127' title='bbox 518 2618 642 2696; x_wconf 77' lang='lat' dir='ltr'>Sagana,</span> <span class='ocrx_word' id='word_1_128' title='bbox 658 2631 804 2698; x_wconf 75' lang='lat' dir='ltr'>postetam</span> <span class='ocrx_word' id='word_1_129' title='bbox 816 2623 927 2685; x_wconf 86' lang='lat' dir='ltr'>domurn</span> <span class='ocrx_word' id='word_1_130' title='bbox 994 2703 995 2706; x_wconf 8' lang='grc' dir='ltr'><strong>Ἴ</strong></span> 
     </span>
     <span class='ocr_line' id='line_1_29' title="bbox 374 2700 795 2783; baseline 0.019 -25"><span class='ocrx_word' id='word_1_131' title='bbox 374 2700 516 2778; x_wconf 83' lang='lat' dir='ltr'>Spargens</span> <span class='ocrx_word' id='word_1_132' title='bbox 531 2701 686 2763; x_wconf 83' lang='lat' dir='ltr'>Avernales</span> <span class='ocrx_word' id='word_1_133' title='bbox 697 2723 795 2783; x_wconf 84' lang='lat' dir='ltr'>aquas,</span> 
     </span>
     <span class='ocr_line' id='line_1_30' title="bbox 322 2779 840 2868; baseline 0.019 -28"><span class='ocrx_word' id='word_1_134' title='bbox 322 2779 425 2843; x_wconf 84' lang='lat' dir='ltr'>Horret</span> <span class='ocrx_word' id='word_1_135' title='bbox 436 2784 545 2861; x_wconf 89' lang='lat' dir='ltr'>capillis</span> <span class='ocrx_word' id='word_1_136' title='bbox 556 2795 585 2844; x_wconf 93' lang='lat' dir='ltr'>ut</span> <span class='ocrx_word' id='word_1_137' title='bbox 595 2789 716 2846; x_wconf 87' lang='lat' dir='ltr'>marinus</span> <span class='ocrx_word' id='word_1_138' title='bbox 730 2792 840 2868; x_wconf 85' lang='lat' dir='ltr'>asperis</span> 
     </span>
     <span class='ocr_line' id='line_1_31' title="bbox 374 2865 776 2949; baseline 0.017 -24"><span class='ocrx_word' id='word_1_139' title='bbox 374 2865 498 2926; x_wconf 84' lang='lat' dir='ltr'>Echinus</span> <span class='ocrx_word' id='word_1_140' title='bbox 509 2876 556 2928; x_wconf 90' lang='lat' dir='ltr'>aut</span> <span class='ocrx_word' id='word_1_141' title='bbox 567 2886 681 2929; x_wconf 87' lang='lat' dir='ltr'>currens</span> <span class='ocrx_word' id='word_1_142' title='bbox 697 2889 776 2949; x_wconf 85' lang='lat' dir='ltr'>sper.</span> 
     </span>
     <span class='ocr_line' id='line_1_32' title="bbox 207 2944 833 3016; baseline 0.016 -9"><span class='ocrx_word' id='word_1_143' title='bbox 207 2944 209 2950; x_wconf 72' lang='grc'>’</span> <span class='ocrx_word' id='word_1_144' title='bbox 323 2948 428 3010; x_wconf 77' lang='lat' dir='ltr'>Abucta</span> <span class='ocrx_word' id='word_1_145' title='bbox 447 2951 521 3010; x_wconf 91' lang='lat' dir='ltr'>nulla</span> <span class='ocrx_word' id='word_1_146' title='bbox 534 2951 606 3012; x_wconf 84' lang='lat' dir='ltr'>Veia</span> <span class='ocrx_word' id='word_1_147' title='bbox 618 2958 791 3016; x_wconf 85' lang='lat' dir='ltr'>conscientia</span> <span class='ocrx_word' id='word_1_148' title='bbox 831 2988 833 3000; x_wconf 82' lang='lat'><em>=</em></span> 
     </span>
     <span class='ocr_line' id='line_1_33' title="bbox 375 3031 740 3112; baseline 0.019 -20"><span class='ocrx_word' id='word_1_149' title='bbox 375 3031 527 3112; x_wconf 83' lang='lat' dir='ltr'>bigonibus</span> <span class='ocrx_word' id='word_1_150' title='bbox 539 3035 614 3095; x_wconf 86' lang='lat' dir='ltr'>duris</span> <span class='ocrx_word' id='word_1_151' title='bbox 628 3036 740 3099; x_wconf 86' lang='lat' dir='ltr'>humum</span> 
     </span>
     <span class='ocr_line' id='line_1_34' title="bbox 321 3112 855 3200; baseline 0.021 -27"><span class='ocrx_word' id='word_1_152' title='bbox 321 3112 526 3194; x_wconf 82' lang='lat' dir='ltr'>Exhauriebat‚</span> <span class='ocrx_word' id='word_1_153' title='bbox 543 3122 689 3197; x_wconf 81' lang='lat' dir='ltr'>ingemens</span> <span class='ocrx_word' id='word_1_154' title='bbox 699 3120 855 3200; x_wconf 82' lang='lat' dir='ltr'>laboribus,</span> 
     </span>
     <span class='ocr_line' id='line_1_35' title="bbox 376 3198 769 3282; baseline 0.02 -25"><span class='ocrx_word' id='word_1_155' title='bbox 376 3198 439 3272; x_wconf 85' lang='lat' dir='ltr'>Quo</span> <span class='ocrx_word' id='word_1_156' title='bbox 451 3211 550 3278; x_wconf 89' lang='lat' dir='ltr'>posset</span> <span class='ocrx_word' id='word_1_157' title='bbox 560 3204 685 3264; x_wconf 79' lang='lat' dir='ltr'>infossus</span> <span class='ocrx_word' id='word_1_158' title='bbox 698 3222 769 3282; x_wconf 92' lang='lat' dir='ltr'>puer</span> 
     </span>
     <span class='ocr_line' id='line_1_36' title="bbox 321 3274 876 3368; baseline 0.018 -29"><span class='ocrx_word' id='word_1_159' title='bbox 321 3274 420 3360; x_wconf 81' lang='lat' dir='ltr'>bongo</span> <span class='ocrx_word' id='word_1_160' title='bbox 433 3283 479 3344; x_wconf 82' lang='lat' dir='ltr'>die</span> <span class='ocrx_word' id='word_1_161' title='bbox 489 3284 534 3346; x_wconf 91' lang='lat' dir='ltr'>bis</span> <span class='ocrx_word' id='word_1_162' title='bbox 550 3295 650 3365; x_wconf 89' lang='lat' dir='ltr'>terque</span> <span class='ocrx_word' id='word_1_163' title='bbox 662 3298 783 3349; x_wconf 86' lang='lat' dir='ltr'>mutatae</span> <span class='ocrx_word' id='word_1_164' title='bbox 795 3290 876 3368; x_wconf 88' lang='lat' dir='ltr'>dapis</span> 
     </span>
    </p>
   </div>
   <div class='ocr_carea' id='block_1_4' title="bbox 0 0 1272 3986">
    <p class='ocr_par' dir='ltr' id='par_1_4' title="bbox 0 0 1272 3986">
     <span class='ocr_line' id='line_1_37' title="bbox 0 0 1272 3986; baseline 0 2"><span class='ocrx_word' id='word_1_165' title='bbox 0 0 1272 3986; x_wconf 95' lang='lat' dir='ltr'> </span> 
     </span>
    </p>
   </div>
  </div>
 </body>
</html>
