2556 3988
184 220 306 284 244*
441 211 445 220 “
553 220 812 282 urrsrounnuu
997 223 1155 300 [opaea]

266 373 352 434 Forte
363 373 415 433 sub
426 374 482 432 hoe
493 381 603 452 tempus
615 373 760 433 castellum
776 381 905 432 evertere
916 381 1039 450 praetor
1259 443 1260 448 γ

204 459 244 520 35
267 457 373 518 Nescio
389 456 464 535 quod
476 459 609 536 cupiens,
626 458 728 517 hortari
745 458 841 534 eoepit
852 455 971 516 eundem
1259 449 1260 542 l

265 541 386 617 Verbis,
402 559 475 619 quac
488 541 585 601 timido
602 551 716 620 quoque
727 549 846 617 possent
857 538 960 600 addere
976 547 1118 601 mentem:

266 622 321 701 ‚‚1,
339 625 430 701 bone,
447 641 503 703 que
514 627 602 684 virtus
613 633 699 684 tuate
710 633 810 700 vocat,
827 624 837 682 i
852 623 1041 703 pedeiausto‚

265 705 408 784 „Grandia
419 706 524 768 laturus
535 710 696 768 meritorum
709 706 846 790 praemia!
859 753 866 767 .
877 751 901 767 ..
914 705 989 780 Quid
1000 705 1108 768 susm

238 843 240 850 .
264 789 331 851 Post
341 791 412 852 haee
423 791 472 851 ille
488 801 580 868 cetus,
599 793 773 870 quantumvis
784 794 922 866 rusticus,
945 787 1035 867 „ltin

202 877 244 939 40
263 872 342 952 „lbit
354 891 408 952 eo,
426 893 483 954 quo
495 878 554 952 vis,
568 878 615 954 qui
627 891 725 936 zonam
736 875 901 952 perdidit,“
917 875 1017 953 iuquit.

264 958 371 1019 Romae
381 961 477 1020 nutriri
488 961 555 1020 milri
567 961 684 1038 contigit
695 968 781 1038 atque
790 958 900 1034 doceri,

263 1041 352 1104 Iratus
364 1041 454 1104 Graiis
466 1053 595 1121 quantum
606 1044 752 1104 nocuisset
763 1040 899 1104 Achilles.

264 1125 405 1187 Adiecere
415 1127 507 1186 bonae
519 1126 614 1205 paullo
626 1126 690 1206 plus
703 1125 918 1202 andennense,

260 1211 381 1271 Scilicet
394 1207 636 1286 utpossemerirvo
649 1210 819 1288 dignoscere
830 1218 948 1285 rectum,

108 1361 110 1368 ‚
203 1291 242 1355 45
264 1290 358 1373 Atque
368 1296 441 1354 inter
452 1294 538 1355 silvas
549 1293 683 1357 Academi
697 1284 834 1372 quaerere
843 1310 951 1352 verum.

263 1377 340 1442 Dura
351 1377 402 1438 sed
413 1394 546 1444 emovere
555 1378 622 1438 looo
633 1396 678 1438 me
692 1387 819 1455 tempora
830 1385 921 1455 grato,

176 1524 177 1532 ,
264 1460 420 1541 civilisque
430 1461 528 1522 rudem
542 1462 609 1532 belli
622 1461 683 1521 tulit
694 1471 789 1521 aestus
800 1463 828 1520 in
839 1478 924 1537 arma,

263 1545 393 1606 Caesaris
403 1544 524 1624 Augusti
535 1555 591 1606 uon
601 1562 772 1624 responsura
782 1544 906 1605 lacertis.
1001 1574 1002 1578 ,

262 1629 342 1690 Unde
353 1629 435 1690 simul
447 1631 563 1706 primum
574 1649 619 1689 me
631 1629 762 1690 dimisere
771 1628 903 1706 Philippi,

200 1715 243 1777 50
261 1712 375 1774 Decisis
386 1713 516 1774 humilem
528 1716 628 1794 pennis
638 1716 810 1792 inopemque
821 1714 928 1790 paterni

261 1795 298 1857 Et
307 1796 385 1858 baris
397 1807 425 1857 et
436 1796 512 1856 fundi
527 1807 678 1876 paupertas
689 1797 798 1875 impulit
808 1796 907 1873 addan,

181 1935 186 1942 s
261 1881 298 1942 Ut
307 1900 407 1941 versus
418 1880 550 1942 iacerem.
578 1881 651 1958 Sed,
668 1880 743 1959 quod
754 1898 811 1940 non
822 1880 911 1958 desit,
926 1881 1078 1944 habentem

263 1964 343 2038 Quae
355 1974 486 2044 poterunt
500 1984 620 2044 unquam
632 1968 699 2026 satis
712 1982 871 2043 expurgare
883 1966 1005 2044 cicutae,

261 2047 297 2108 Ni
311 2048 412 2110 melius
424 2048 545 2110 dormire
555 2059 651 2128 putem
664 2067 746 2128 quam
758 2050 885 2112 scribere
895 2049 1023 2112 versus?

200 2131 239 2193 55
261 2132 376 2211 Singula
388 2133 423 2193 de
435 2134 517 2194 nobis
528 2135 591 2194 anui
604 2133 772 2212 praedantur
783 2141 896 2193 euntes:
933 2209 934 2214 η

260 2215 397 2296 Eripuere
409 2219 507 2294 iocos,
520 2235 670 2293 venerem,
691 2219 835 2294 convivia,
855 2216 966 2287 ludum;

261 2299 388 2362 Tendunt
400 2311 569 2379 extorquere
581 2307 727 2380 poemata:
744 2301 811 2380 quid
823 2301 922 2361 faciam
933 2303 987 2376 vis

214 2398 215 2402 ’
259 2383 389 2464 Denique
400 2403 455 2445 nou
468 2402 565 2445 omnes
578 2385 676 2446 eadem
686 2386 817 2445 mirantur
827 2395 974 2465 amantque

256 2466 390 2546 ¹Carmine
404 2471 433 2528 tu
444 2469 567 2546 gaudes,
584 2469 630 2549 lnie
643 2468 797 2528 delectatur
807 2469 918 2546 nimbis,

196 2551 237 2612 60
257 2548 310 2610 llle
321 2551 435 2614 Bioneis
447 2553 622 2632 sermonibus
635 2561 664 2611 et
676 2551 735 2613 sale
746 2555 838 2630 nigro.

259 2633 329 2694 Tres
341 2636 407 2695 mihi
420 2638 556 2698 convivae
568 2653 658 2715 prope
669 2634 818 2698 dissentire
829 2635 967 2716 videntur,

257 2715 413 2779 Poscentes
424 2721 502 2779 vario
514 2721 628 2780 multum
640 2720 752 2780 diversa
763 2720 866 2798 palato.

259 2801 333 2875 Quid
345 2800 429 2862 deml
448 2803 515 2882 quid
529 2821 585 2866 uon
597 2802 680 2864 dem?
697 2807 791 2864 renuis
808 2814 853 2881 tu,
872 2805 948 2882 quod
961 2806 1042 2866 iubet
1056 2807 1140 2878 altem

259 2883 343 2960 Quod
352 2890 443 2966 petis,
462 2888 489 2947 id
505 2907 572 2947 sanc
585 2897 628 2947 est
639 2889 758 2950 invisum
770 2888 937 2966 acidumque
947 2889 1071 2951 duobus.

196 2970 235 3031 65
258 2969 373 3032 Praeter
388 2980 499 3048 cetera,
516 2990 561 3031 me
573 2972 716 3032 Romaene
729 2979 860 3050 poemata
873 2991 974 3033 censes

257 3051 391 3115 Scribere
402 3065 491 3134 posse
505 3057 629 3116 intertot
643 3073 724 3115 curas
737 3059 836 3135 totq'ue
851 3054 985 3116 labores?

258 3134 314 3196 Hic
322 3155 457 3215 sponsum
468 3149 569 3215 vocat,
586 3140 632 3199 hic
643 3138 764 3199 auditum
777 3143 881 3218 scripte
892 3140 999 3201 relictis

258 3220 392 3281 Omnibus
406 3223 524 3292 ciliciis;
540 3223 624 3284 cubat
634 3223 680 3282 bie
693 3224 719 3282 in
732 3225 807 3284 colle
821 3224 941 3301 Quirini,

256 3301 310 3364 Hic
322 3314 446 3365 extremo
457 3307 485 3366 in
495 3306 652 3384 Aventino,
668 3308 801 3369 visendus
814 3319 947 3388 uterque:
