2556 3988
70 272 73 276 .
125 221 126 224 ’
160 205 262 286 [Epist.
275 203 311 283 al]
528 203 637 266 Llsstilt
647 205 684 264 ll.
794 257 799 272 ,

159 356 309 418 Intervalla
318 357 400 418 vides
414 359 533 422 bumana
544 357 699 418 commoda.
720 357 824 418 Verum

159 439 249 502 Purae
260 451 324 503 suut
334 441 463 520 plateae,
479 440 547 500 nihil
557 447 588 501 uit
598 440 793 500 meditantibus
806 437 921 501 obstet?

111 538 114 545 “
161 523 285 588 Festinat
296 525 403 585 calidus
418 524 499 584 mulis
511 524 675 602 gerulisque
685 523 836 600 redemtor,

160 608 285 687 Torquet
295 626 369 670 nuuc
379 607 500 686 lapidem
511 625 584 668 nuuc
595 610 694 685 iugens
708 607 834 668 macbiua
846 610 964 687 tignum,
1004 659 1007 674 .

159 691 260 754 Tristia
271 693 394 753 robustis
405 691 543 751 luctantur
553 692 651 755 lunera
664 687 807 768 plaustris‚'

158 775 219 838 llao
227 777 341 852 rabiosa
351 775 424 854 fugit
431 777 526 851 canis,
538 775 592 834 hac
602 774 736 834 lutulenta
747 776 801 834 ruit
811 793 876 834 sus:

158 858 172 919 1
183 877 258 920 nuuc
268 868 297 920 et
307 877 408 919 versus
419 869 513 920 tecum
523 858 657 923 meditare
670 875 799 918 canoros.

159 943 334 1022 Scriptorum
344 944 447 1003 chorus
460 944 549 1004 omuls
560 951 633 1002 amat
643 961 740 1002 nemus
751 951 779 1001 et
790 941 862 1018 fugit
872 940 969 1020 urbes,

158 1027 224 1087 Rite
235 1027 325 1088 cliens
336 1026 440 1088 Bacchi
452 1044 550 1087 somno
562 1025 709 1104 gaudentis
722 1035 750 1086 et
761 1025 871 1086 umbra:

158 1110 200 1170 Τιι
213 1130 259 1172 me
270 1114 342 1172 iuter
353 1113 486 1190 strepitus
497 1119 649 1196 pocturuos
664 1119 748 1189 atque
759 1109 873 1169 diurnos

157 1195 208 1255 Vis
224 1212 326 1256 cauere
338 1205 367 1256 et
377 1203 519 1256 contracta
530 1196 612 1273 sequi
620 1196 741 1272 vestigia
752 1189 867 1254 vatum?

157 1278 317 1357 ingenium,
338 1279 392 1340 sibi
407 1279 483 1358 quod
496 1296 600 1338 vacuas
612 1278 748 1338 dosumslt
760 1275 884 1336 Athenas

156 1359 303 1424 Et'studiis
314 1381 402 1426 anuos
414 1373 523 1442 septem
535 1362 611 1422 dedit
624 1365 803 1440 insenuitque

156 1447 246 1507 Libris
257 1456 287 1506 et
298 1450 387 1524 curis,
404 1457 496 1508 statua
504 1449 667 1508 taciturnius
683 1448 741 1506 exit

156 1529 324 1610 Plerumque
336 1540 365 1591 et
374 1534 436 1592 risu
444 1531 578 1610 populum
591 1533 693 1610 qtratit:
707 1521 755 1590 lie
766 1543 926 1608 egenorum

156 1614 300 1676 Fluctibus
311 1617 340 1675 in
350 1615 450 1678 mediis
461 1624 491 1675 et
501 1615 715 1693 tempestatibus
730 1608 814 1674 urbis'

156 1699 249 1760 Verba
259 1698 339 1778 lyrae
349 1709 456 1760 motura
468 1717 566 1760 sonum
579 1707 749 1760 connectere
762 1693 879 1778 digner?

116 1853 118 1859 y
156 1783 254 1843 Frater
265 1783 442 1844 eratllomae
454 1781 574 1870 consulti
586 1784 697 1859 rhetor,
715 1791 744 1840 ut
755 1779 826 1841 alter
922 1821 924 1825 .

154 1867 279 1927 Alterius
291 1884 421 1926 sermone
432 1882 527 1926 meros
542 1866 649 1926 audiret
660 1865 795 1940 honores,

157 1948 301 2011 Gracchus
311 1959 342 2008 ut
351 1950 398 2009 hic
410 1949 465 2028 tili,
480 1946 556 2007 iuret
573 1950 639 2008 huic
651 1958 679 2008 ut
690 1948 799 2009 Mucius
810 1947 868 2008 ille.
967 1999 969 2004 .

157 2032 213 2106 Qui
224 2033 315 2092 miuus
329 2041 445 2111 argutos
456 2041 540 2094 vexat
551 2033 629 2092 furor
639 2034 692 2093 iste
704 2028 828 2111 poetas?

126 2126 132 2143 “
156 2115 284 2177 Carmine
299 2133 455 2194 compono,
470 2118 517 2177 bic
531 2115 643 2194 elegos.
666 2116 816 2193 „Mirabile
828 2117 891 2175 visu

155 2199 381 2278 „Caelatumque
392 2217 495 2260 novem
506 2199 595 2260 blusis
607 2217 679 2277 opus
688 2200 719 2260 l‘
732 2200 858 2277 Adspice
870 2200 997 2277 primum,

139 2351 140 2354 Ἴ
155 2284 267 2358 Quanto
280 2301 341 2345 eum
353 2283 443 2360 fastu,
460 2293 563 2362 quanto
575 2283 717 2344 molimine
732 2286 848 2343 circum·

155 2376 318 2446 spectemus
329 2385 445 2428 vacuam
460 2367 594 2428 Romanis
604 2368 715 2428 vatibus
727 2367 839 2435 aedem;

153 2450 334 2528 lloxetiam,
351 2454 375 2511 si
387 2452 576 2528 fortemque,
596 2469 718 2530 sequere
733 2459 762 2510 et
772 2449 872 2528 procul
883 2449 956 2527 audi,
1077 2451 1116 2514 95

154 2533 230 2608 Quid
241 2534 313 2616 ierat
324 2544 353 2594 ot
364 2554 451 2614 quare
466 2536 521 2596 sibi
532 2543 626 2596 nectat
636 2543 757 2614 uterque
772 2551 914 2594 coronam.

156 2616 319 2695 (laedimur,
341 2628 369 2679 et
384 2619 501 2679 totidem
513 2618 605 2696 plagis
617 2620 806 2680 consumimus
819 2618 929 2690 hostem

153 2701 242 2762 Lento
259 2701 398 2762 Samnites
409 2702 444 2762 ad
455 2703 558 2762 lumina
569 2705 657 2780 prima
672 2703 777 2762 duello.

51 2787 53 2790 ’
152 2785 279 2846 Discedo
294 2785 418 2847 Alcaeus
430 2794 534 2865 puncto
545 2785 637 2855 illlum
653 2785 702 2848 ille
712 2802 777 2846 mco
789 2783 874 2864 quis?

153 2868 243 2946 Quis,
258 2873 312 2930 uisi
325 2868 534 2932 callimachus?
554 2873 578 2930 sl
590 2870 654 2950 plus
665 2879 823 2951 apposuere
834 2871 922 2946 visus,
1050 2871 1118 2934 ,loo

152 2951 197 3013 Fit
206 2953 404 3032 blimuermus,
418 2964 446 3014 et
458 2957 556 3034 optivo
569 2957 737 3032 cognomine
752 2957 865 3016 crescit.

150 3035 237 3098 llulta
248 3038 330 3115 iero,
347 3048 377 3098 ut
386 3038 496 3117 placem
508 3057 599 3116 genus
614 3039 747 3100 irritabile
758 3048 861 3114 uatum,

151 3118 221 3181 Cum
235 3123 331 3195 scribq
347 3131 375 3182 et
386 3123 508 3202 supplex
520 3122 617 3201 populi
629 3123 759 3200 suffragia
772 3130 869 3200 eapto;
882 3125 890 3136 '

151 3203 244 3282 ldem,
260 3205 345 3267 lluitis
356 3206 457 3267 studiis
470 3215 499 3267 et
510 3215 603 3266 moute
613 3216 739 3284 recepta,

151 3287 286 3348 Obturem
297 3289 406 3367 patulas
417 3291 532 3369 impune
539 3289 702 3368 legentibus
717 3308 808 3350 aures.
1056 3293 1113 3354 105
