2536 3986
583 253 783 315 cauuruuu
854 222 862 236 ’
997 262 1148 343 [osan]

338 403 400 464 Hue
410 405 475 465 vina
487 413 515 464 et
526 417 667 483 unguenta
680 416 708 469 et
719 410 833 467 nimium
843 407 948 470 breves

270 554 271 562 χ
337 486 439 548 Floras
450 505 586 549 amoenae
597 491 673 550 ferre
685 491 752 551 iube
764 509 860 568 rosae,

190 574 227 636 15
390 571 464 632 Dum
477 591 525 632 res
541 583 570 632 et
585 583 663 634 aetas
676 584 704 634 et
716 592 846 637 sororum

439 654 500 716 Fila
513 659 595 718 trium
608 661 748 736 patiuntur
762 667 830 721 atra.

335 785 429 852 cedes
444 793 563 850 oodmtis
579 792 697 854 saltibus
710 804 739 855 et
751 795 835 856 domo
891 853 894 860 .

332 871 475 952 villaque,
488 873 577 934 flavus
588 895 672 955 quam
684 877 794 940 Tiberis
806 879 885 956 lavit,

387 954 482 1017 Gedes
499 967 528 1018 et
544 963 695 1036 exstructis
710 965 739 1023 in
757 963 841 1023 altum

321 1081 325 1094 r
438 1039 551 1103 Divitiis
566 1047 691 1122 potietur
702 1047 797 1108 heres.

332 1173 459 1234 Diuesne
471 1177 567 1254 priseo
579 1187 659 1239 natus
672 1180 706 1240 ab
721 1179 838 1258 Inacho,

330 1257 378 1320 Nil
390 1260 518 1337 ipterest‚
533 1279 569 1322 an
581 1279 690 1342 pauper
701 1273 730 1324 ot
744 1266 836 1326 intima

380 1341 426 1402 De
440 1351 527 1420 gente
538 1347 672 1407 subdivo
683 1352 814 1426 moreris,

434 1427 553 1494 Victima
563 1430 602 1492 nil
613 1433 771 1494 miserantis
779 1431 855 1493 Oroi.

331 1542 436 1622 Omnes
452 1562 554 1623 eodem
566 1567 705 1643 cogimur,
719 1571 840 1628 omnium

310 1719 312 1730 Α
329 1641 465 1706 Versatur
475 1665 544 1707 urna
555 1649 647 1709 se'rius
662 1654 743 1711 ouius

380 1727 449 1789 Sors
463 1731 570 1792 exitura
584 1743 612 1792 et
624 1752 677 1794 nos
689 1737 717 1795 in
732 1746 877 1797 aetornum

430 1811 567 1874 Exsilium
582 1818 747 1894 impositura
760 1822 888 1896 cymbae.

588 1998 729 2008 ..ι-

483 2173 487 2181 p
566 2106 667 2162 omre
683 2107 749 2164 nv.

418 2216 466 2271 AD
488 2219 685 2278 ΧΑΝΤΗΙΑΜ
702 2225 893 2281 PHOCEUM.

343 2317 388 2379 Ne
399 2321 437 2382 sit
447 2323 565 2385 ancillae
579 2327 629 2387 tibi
642 2347 721 2389 amor
734 2330 846 2407 pudori,

342 2401 463 2466 Xanthia
477 2405 606 2471 Phoceu!
624 2410 705 2472 Prius
720 2413 890 2476 insolentem

342 2485 432 2549 Serva
442 2489 549 2552 Briseis
560 2497 645 2555 niveo
661 2496 760 2557 colore
853 2511 856 2518 ’

371 2589 373 2599 ¹
411 2572 500 2635 Movit
510 2575 663 2650 Achillem

338 2703 428 2768 Movit
435 2707 554 2770 *Aiacem
565 2711 717 2776 Telamone
731 2717 825 2776 natum

339 2787 440 2853 Forma
451 2797 580 2872 captiuae
595 2796 735 2858 dominum
750 2799 938 2894 Tecmesspe;

339 2872 418 2936 Arsit
426 2874 541 2938 Atrides
552 2879 646 2940 medio
658 2885 686 2944 in
697 2885 837 2963 triumpho

412 2958 629 3043 virginerapta‚

334 3081 473 3146 Barbarae
489 3098 638 3169 postquam
650 3093 784 3155 cecidere
801 3104 909 3156 turmae

166 3163 207 3226 10
337 3164 474 3230 Thessalo
491 3175 602 3234 victore
618 3186 647 3236 et
658 3178 784 3239 ademtus
796 3179 905 3260 Heotor

334 3249 458 3312 Tradidit
471 3255 558 3317 fossis
570 3257 679 3321 leviora
694 3262 755 3322 tolli

404 3333 539 3416 Pergama
553 3340 654 3404 Graiis.
749 3407 756 3422 =.
