2526 3986
16 319 18 324 ,
105 235 231 318 [sun]
531 198 673 301 n1nnn1.
1012 237 1074 302 145

193 390 403 470 „velatumque
415 391 504 470 stola,
518 410 580 453 mea
596 411 683 472 quum,
696 393 856 453 conferbuit
865 394 906 452 ira
914 390 952 452 l“

193 476 269 551 Quid
284 473 533 555 responderetl..
559 475 685 554 „Magno
708 486 787 555 patre
809 487 872 537 nata
894 477 988 555 puella

522 582 525 584 ·
789 563 868 621 est.“

191 645 229 705 ht
239 654 346 723 quanto
361 644 477 705 meliora
488 654 582 706 monet
594 639 801 723 pugnantiaque
816 647 878 705 istis

191 729 281 790 Dives
294 730 358 806 opis
369 737 466 790 natura
477 747 556 806 suae,
569 739 599 788 tu
610 730 635 787 si
646 727 730 787 modo
743 738 822 788 reete

191 813 367 892 Dispensare
382 813 455 873 velis
466 831 501 873 ae
515 829 572 874 non
586 811 719 890 fugienda
732 812 861 890 petendis
1030 817 1069 878 75

191 897 363 958 Immiseere.
393 897 453 958 Tuo
464 899 534 956 vitio
545 913 675 957 rerumne
689 894 813 972 labores,
970 911 971 918 ¹

190 981 238 1042 Nil
248 982 355 1041 referre
367 978 469 1058 putas?
487 980 596 1058 Quare,
609 998 646 1040 ne
658 983 802 1057 poeniteat
812 989 851 1057 te,

190 1065 296 1128 Desine
307 1074 447 1126 matronas
458 1068 608 1142 sectarier,
621 1064 695 1123 unde
706 1063 812 1124 laboris

190 1149 256 1219 Plus
268 1151 379 1210 haurire
391 1149 455 1209 mali
467 1159 512 1209 est
524 1167 605 1228 quam
617 1165 653 1208 ex
662 1166 694 1208 re
702 1148 859 1227 decerpere
868 1148 985 1208 fructus.

191 1232 254 1293 Nee
268 1236 358 1312 magis
371 1233 436 1296 huic
450 1234 523 1294 iuter
533 1236 633 1293 niveos
645 1231 809 1311 viridesque
821 1230 955 1310 lapillos·
1029 1234 1070 1296 80

193 1317 235 1378 Sit
246 1317 316 1378 lieet
330 1319 401 1394 hoc,
419 1315 567 1395 Cerinthe,
587 1327 665 1378 tuum
679 1347 689 1360 ·
702 1326 829 1377 tenerum
842 1325 888 1375 est
897 1315 988 1375 femur

745 1410 868 1461 anterus

192 1484 327 1561 Rectius,
340 1493 425 1563 atque
441 1487 524 1545 etiam
535 1485 636 1545 melius
651 1500 792 1564 persaepe
806 1492 920 1562 togatae
933 1493 986 1544 est.

192 1568 272 1628 Adde
284 1570 340 1629 hnc
351 1567 427 1647 quod
439 1587 561 1629 mercem
572 1573 633 1629 sinc
645 1569 718 1629 ineis
730 1576 838 1647 gestat,
858 1577 955 1646 aperte

89 1672 93 1683 ¹
194 1652 276 1726 Quod
288 1653 388 1713 venale
400 1653 635 1731 habetesteudit,
656 1671 724 1731 nec,
747 1655 772 1714 si
795 1652 862 1730 quid
875 1653 988 1713 honesti

132 1793 143 1810 ,
330 1749 332 1754 ’
811 1745 865 1813 est,

191 1817 279 1880 Iactat
289 1819 431 1900 habetque
444 1821 557 1901 palam,¹
567 1820 675 1898 quae'rit
688 1837 744 1898 quo
755 1822 847 1898 turpia
858 1819 942 1879 celet.
1029 1818 1069 1884 85

191 1903 318 1982 Regibus
329 1905 376 1963 bic
384 1922 446 1964 mos
459 1915 516 1963 est:
527 1905 575 1963 ubi
587 1921 677 1982 equos
689 1913 857 1979 mercantur,
870 1911 987 1982 opertos

190 1985 363 2064 inspiciunt,
378 2005 434 2069 pe,
449 1990 473 2046 si
485 1987 592 2062 facies,
608 1997 639 2046 ut
652 2005 755 2064 saepe,
773 1988 877 2048 deeora

190 2069 352 2131 mellitula
366 2071 440 2148 pede
456 2081 514 2147 est,
532 2079 667 2132 emtorem
678 2071 790 2144 inducat
801 2072 932 2149 hiantem,

192 2152 276 2227 Quod
288 2153 422 2232 pulchrae
440 2153 555 2230 clunes,
577 2154 666 2214 breve
682 2155 759 2233 quod
778 2163 878 2232 caput,
901 2154 986 2215 ardua

181 2277 183 2284 v
761 2257 866 2299 cervrx.

189 2319 252 2380 lloc
263 2320 304 2380 illi
315 2329 409 2390 recte;
425 2339 461 2381 ne
474 2323 603 2399 corporis
616 2317 720 2400 o'ptima
731 2321 836 2398 Lyncei
1029 2325 1070 2387 90

190 2403 391 2482 Contemplere
406 2404 514 2481 oculis,
533 2405 665 2485 Hypsaea
684 2409 798 2466 caecior
807 2404 865 2479 illa,

191 2488 271 2562 Quae
283 2489 354 2549 mala
365 2498 444 2568 suut,
457 2497 584 2566 spectes.
600 2488 649 2566 „0
663 2508 728 2549 orus
739 2489 745 2549 l
756 2507 773 2548 o
785 2488 982 2548 brachia!“-

762 2573 867 2632 Verum
953 2572 955 2580 ’

188 2655 334 2734 Depygis,
347 2667 460 2734 nasuta,
474 2657 555 2718 brevi
569 2655 658 2717 latere
668 2675 702 2718 ae
712 2657 786 2736 pede
798 2656 884 2733 longo
900 2665 954 2716 est.

188 2738 334 2800 Matronae
346 2751 459 2819 praeter
469 2741 571 2802 laciem
584 2740 622 2801 nil
635 2759 752 2802 cernere
767 2742 874 2820 possis,

190 2821 308 2899 Cetera,
321 2828 349 2884 ni
364 2823 442 2885 Catia
455 2835 516 2902 est,
535 2826 658 2894 demissa
672 2835 754 2886 veste
765 2826 899 2903 tegentis.
1027 2829 1066 2889 95

190 2907 219 2966 Si
231 2907 379 2970 interdieta
392 2919 489 2988 petes,
504 2910 580 2970 vallo
594 2908 763 2970 circumdata
775 2941 786 2954 ·
797 2925 861 2969 nam
873 2916 902 2967 te

188 2989 250 3050 Hoc
265 2992 333 3053 iacit
347 2995 474 3054 insanum
486 3027 497 3039 ·
509 3017 516 3064 ;
528 2994 630 3055 multae
645 2994 695 3054 tibi
706 3003 764 3054 tum
776 2993 902 3052 officient
912 3010 969 3070 res,

190 3072 342 3153 Custodes,
355 3077 468 3154 lectica,
483 3077 641 3155 ciniflones,
657 3079 806 3156 parasitae,

187 3157 232 3218 hd
242 3158 314 3219 talos
327 3161 399 3221 stola
411 3161 532 3222 demissa
545 3170 573 3221 et
587 3161 756 3222 circumdata
772 3159 855 3238 palla,

187 3241 316 3319 Plurima,
331 3261 403 3323 quae
414 3246 555 3306 invideant
568 3263 637 3323 pure
652 3262 789 3322 apparere
801 3245 851 3303 tibi
861 3261 931 3304 rem.
1005 3249 1067 3310 100
1082 3237 1095 3308 j

187 3324 284 3386 Altera
296 3325 336 3385 nil
348 3327 441 3387 obstat
455 3327 523 3390 Cois
535 3332 603 3392 tibi:
627 3347 719 3406 paene
729 3326 828 3388 videre
840 3337 884 3386 est
