2526 3986
171 207 232 268 202
460 203 678 266 SATleRUlll
688 203 798 266 LIBER
809 203 846 264 11.
1011 209 1081 284 [stt.
1096 211 1134 282 ll]
1256 155 1257 162 ³

255 356 320 436 „Tc
332 355 424 418 deus?
445 356 480 417 Ut
492 372 605 435 semper
615 356 723 435 gaudes
736 355 855 416 illudere
866 357 952 416 rebus

254 440 450 518 „llumanisl“
467 440 568 501 Varius
584 439 685 519 mappis
698 457 884 517 compescere
896 442 983 500 risum

253 524 308 584 Vix
318 534 440 603 poterat.
462 523 573 585 Balatro
585 523 761 602 suspendens
774 521 866 585 emula
877 540 958 600 uaso,

190 613 230 672 65
254 608 356 686 „llaec
368 618 413 668 est
424 608 548 668 conditio
558 607 696 668 vivendi“
707 607 810 685 aiebat,
823 625 943 686 „eoque

253 692 461 771 „Responsura
468 701 517 752 tuo
528 709 667 770 nunquam
679 701 786 770 estpur
796 691 869 754 lama
880 690 981 752 labori.

252 775 372 853 ‚‚Tene‚
385 785 415 836 ut
425 791 481 853 ego
493 778 617 854 accipiar
627 775 718 852 laute,
731 777 892 854 torquerier
907 778 980 837 omni

252 859 472 937 „sollicitudine
483 858 654 936 districtum,
672 878 709 919 ne
724 862 804 937 panis
820 858 946 935 adustus,

252 943 320 1021 „Ne
331 942 403 1003 msle
415 942 557 1004 conditum
568 946 612 1004 ius
623 951 794 1021 apponatur,
807 953 836 1002 ut
846 959 944 1003 omnes

188 1035 229 1095 70
250 1027 430 1105 „Praecincti
449 1035 527 1096 reete
542 1029 623 1105 pueri
636 1027 778 1105 conatique
791 1023 966 1087 ministrent?

244 1110 357 1188 „Addo
367 1112 420 1174 bos
434 1120 581 1188 praeterea
594 1129 692 1188 casus,
705 1110 940 1186 calceamento,

251 1193 312 1273 „th
321 1194 423 1263 modo;
434 1195 459 1254 si
471 1197 592 1273 patinam
602 1194 678 1272 pede
689 1193 786 1272 lapsus
797 1193 907 1272 frangat
918 1212 1017 1272 agaso.

50 1269 57 1279 ⁸
130 1276 132 1280 ’
249 1277 332 1356 „Sed
344 1279 545 1356 convivatoris,
558 1280 599 1338 uti
613 1277 708 1354 ducis,
728 1279 870 1356 ingenium
879 1297 926 1343 rcs

249 1361 420 1439 „Adversas
431 1362 535 1423 nudare
547 1361 657 1438 solent,
680 1361 964 1422 celare·secundae.“

100 1502 116 1518 μ
186 1450 227 1512 75
249 1440 418 1507 Nasidienus
431 1445 465 1505 nd
476 1446 564 1506 haec:
576 1445 663 1523 „Tibi
675 1445 713 1522 di,
730 1463 916 1524 quaecunque
927 1448 1068 1524 preconia,

249 1527 429 1607 „Commoda
442 1529 523 1590 dent:
542 1531 579 1590 ita
589 1530 734 1590 virbonus
747 1547 779 1589 es
792 1531 968 1611 convivaque
981 1533 1110 1607 comis,“

248 1612 285 1674 Et
297 1612 392 1674 soleas
405 1616 508 1692 poscit.
531 1612 603 1674 'lum
612 1615 640 1673 in
651 1611 727 1673 lecto
738 1631 853 1693 quoque
865 1613 977 1674 videres

248 1697 372 1757 Stridore
384 1705 496 1758 secreta
508 1696 615 1757 divisos
627 1715 694 1758 aure
706 1715 847 1758 susurros.

247 1780 321 1843 Hor.
333 1779 433 1841 Nullos
443 1782 487 1842 his
499 1781 612 1842 mallem
621 1780 705 1841 ludos
717 1791 880 1859 spectasse:
895 1781 946 1840 sed
958 1780 1005 1840 illa
1022 1826 1024 1835 .

184 1868 226 1930 80
246 1864 356 1942 Redde,
368 1883 434 1943 age,
448 1883 521 1943 quae
533 1865 669 1944 deinceps
681 1866 778 1924 risisti.
800 1863 899 1926 Food.
911 1864 1040 1925 Vibidius
1053 1864 1117 1924 dum

248 1948 365 2022 Quaerit
376 1948 412 2009 de
425 1951 536 2028 pueris,
552 1967 617 2010 num
636 1951 673 2010 sit
684 1966 799 2028 quoque
811 1949 899 2009 fracta
911 1948 1023 2027 lagena,

190 2099 195 2105 ,
248 2033 332 2107 Quod
343 2033 397 2093 sibi
409 2035 540 2112 poscenti
550 2051 607 2096 non
619 2033 718 2094 dantur
728 2032 841 2112 pocula,
855 2032 977 2111 dumque

246 2117 365 2177 Ridetur
375 2117 448 2177 lictis
463 2135 556 2178 rerum
567 2117 715 2178 Balatrone
730 2116 868 2193 seeundo,

246 2199 414 2277 Nasidiene‚
428 2201 504 2261 redis
519 2211 640 2262 mutatae
651 2201 767 2277 frontis,
784 2209 814 2260 ut
824 2211 884 2260 arte

184 2283 224 2347 85
246 2284 450 2345 Emendaturus
461 2285 615 2356 fortunem3
626 2284 728 2348 deinde
740 2286 831 2345 secuti
847 2344 849 2353 .

245 2367 414 2429 llluzonomo
426 2371 506 2447 pueri
518 2385 620 2447 magno
632 2369 776 2446 discerpta
788 2368 913 2428 ferentes

244 2450 369 2514 Membra
380 2455 459 2532 gruis
471 2455 562 2532 sparsi
575 2453 634 2516 sale
649 2451 736 2514 multo
747 2469 804 2512 nou
814 2454 877 2512 sine
888 2451 973 2526 inrue,

244 2536 397 2614 Pinguibus
410 2546 439 2596 et
451 2538 512 2597 licis
524 2547 633 2616 pastum
644 2539 724 2598 ieeur
734 2537 842 2596 anseris
854 2535 946 2610 albae,

195 2665 198 2671 .
243 2619 280 2680 Et
291 2620 420 2698 leporum
432 2621 563 2697 avulsos,
583 2621 711 2683 utmulto
723 2622 852 2696 suavius,
868 2633 972 2695 armos,

181 2709 222 2769 90
245 2703 334 2777 Quam
345 2706 370 2764 si
382 2722 445 2764 cum
456 2703 557 2765 lumbis
570 2707 633 2784 quis
645 2705 712 2768 edit.
735 2703 804 2764 Tum
816 2711 933 2782 pectore
946 2703 1047 2763 adusto
1161 2720 1164 2724 ·

242 2787 368 2848 Vidimus
381 2798 411 2848 et
420 2789 542 2849 merulas
553 2790 620 2868 poni
632 2797 661 2848 et
673 2791 733 2850 siue
746 2787 829 2849 clune
841 2786 997 2866 palumbes,

242 2873 351 2932 Suaves
363 2891 429 2950 res,
441 2874 466 2934 si
477 2891 534 2933 non
547 2889 647 2934 causas
658 2880 782 2932 narraret
794 2889 890 2931 earum
902 2880 931 2930 et

242 2955 361 3017 Naturae
373 2956 518 3034 dominus,
532 2975 617 3036 quem
627 2973 680 3017 nos
692 2957 735 3016 sic
746 2956 869 3034 fugimus
881 2953 942 3031 ulti,

241 3039 278 3100 Ut
288 3040 356 3101 nihil
366 3043 481 3102 omnino
492 3049 688 3119 gustaremus,
701 3038 780 3100 velut
791 3039 847 3099 illis

179 3125 219 3186 95
243 3122 359 3184 Canidia
370 3124 497 3186 alllasset
509 3127 593 3204 peior
604 3123 784 3202 serpentibus
795 3123 882 3182 Afris.

558 3269 706 3278 ——--
