2556 3990
222 241 258 289 IV
358 285 431 338 θ
460 289 483 330 ,
430 143 900 348 PRAERJIM

222 417 308 460 annos
324 417 340 455 a
356 399 424 454 viris
446 375 536 453 doctis
559 397 594 452 ad
615 395 722 453 Horatii
743 399 867 468 po'ernata
888 393 986 450 melius
1008 373 1200 450 constituenda

221 485 329 558 prolata
344 488 454 552 essent,
476 496 619 550 meumque
641 481 669 535 in
684 496 762 535 usum
779 484 987 572 converterem,
1009 493 1078 547 quae
1093 478 1126 533 ab
1143 478 1196 532 illis

221 567 326 623 rectius
341 570 489 637 perspecta
506 564 675 620 viderentur
721 563 842 630 Quorum
856 561 977 616 virorum
992 577 1075 615 curae
1092 567 1122 614 ut
1137 561 1196 616 dili-

221 650 332 722 geutius
350 647 547 704 examinandae
561 655 596 704 et
619 646 838 704 considerandae
857 644 1037 713 videbantur,
1061 657 1114 715 quo
1138 645 1197 715 plus

221 732 355 806 ponderis
378 746 472 786 omnes
493 731 535 785 rei
556 732 671 787 criticae
692 728 776 802 periti
798 728 856 784 illis
879 727 978 783 merito
998 727 1136 798 tribuunt,
1161 727 1197 784 ita

221 832 324 874 summa
336 814 428 870 cautio
443 813 598 872 adhibenda
615 821 692 883 erat,
708 830 743 868 ne
758 828 921 868 summorum
932 811 1070 880 virorum,
1087 827 1198 882 quorum
1257 858 1259 862 .

223 900 252 956 G.
266 899 445 956 Hircbnerum
459 912 545 968 nuper
560 897 732 964 defunctum,
746 895 781 966 ll.
794 895 955 966 Hauptium‚
976 894 1009 948 Α.
1023 895 1198 964 Mainalion,

164 987 167 998 ¹
223 983 254 1039 G.
271 979 476 1037 Stallbaumium
490 979 605 1036 bonoria
627 996 710 1036 causa
725 994 924 1046 commemoro,
946 976 1103 1033 auctoritati
1126 979 1223 1036 iustos

221 1068 284 1138 plus
309 1063 517 1120 concederetur.
563 1063 728 1134 Quamquam
748 1060 820 1116 euim
842 1061 985 1132 permultis
1006 1053 1108 1132 poetae
1128 1061 1198 1116 locis

158 1169 184 1226 ,ι
223 1147 354 1220 optimum
369 1146 500 1202 auxilium
515 1147 679 1215 attulerunt,
703 1152 841 1201 tamenne
858 1145 948 1216 multis
965 1143 1134 1200 coniecturis
1149 1144 1197 1199 iis·
1271 1207 1273 1212 ,

224 1248 277 1303 qne
294 1229 450 1300 ingeniosis
463 1227 492 1283 in
507 1236 665 1285 contextum
686 1227 808 1299 receptis
826 1227 968 1283 Horatium
988 1228 1099 1299 potius,
1120 1244 1198 1298 quam
1243 1249 1247 1255 ·

222 1314 355 1370 librarios
373 1312 595 1380 emendaverint,
611 1311 761 1387 verendum
776 1318 828 1368 est.
875 1311 996 1368 deveant
1010 1328 1077 1367 eane
1091 1311 1198 1368 Horatii

224 1399 364 1465 editores,
378 1413 414 1451 ne
429 1394 531 1451 iaciant
546 1395 618 1464 quod
637 1395 859 1468 Peerlkampius‚
881 1395 1021 1467 quicum,
1043 1395 1116 1467 quod
1137 1395 1198 1466 ipae

223 1483 341 1549 fatetur,
369 1476 530 1549 „Horatium
552 1483 775 1548 beragrorum,
804 1479 857 1535 uisi
878 1479 907 1533 in
929 1478 986 1534 illis
1008 1478 1197 1547 monumentis,
1273 1496 1275 1499 ·

224 1577 295 1636 quae
309 1569 364 1618 tam
379 1565 441 1632 apta
458 1564 487 1614 et
501 1557 619 1613 rotunda
640 1561 709 1630 sint,
730 1569 759 1617 ut
779 1561 849 1619 nibil
870 1563 981 1618 demere
1001 1561 1111 1634 possis,
1134 1563 1197 1633 quin

224 1645 391 1716 elegantiam
415 1641 559 1710 minuas‚“
589 1659 690 1700 summa
720 1645 825 1716 ingenii
850 1645 993 1702 Horatiaui
1019 1645 1198 1702 admiratione

130 1745 134 1762 ι
224 1729 321 1785 ductus
337 1726 423 1795 nihil,
447 1726 521 1796 quod
535 1741 603 1781 suae
618 1725 675 1794 legi
691 1732 843 1785 etuormae
857 1745 911 1784 nou
933 1729 1104 1801 respondere
1119 1729 1198 1784 vide-

223 1817 316 1880 retur,
330 1809 508 1866 Horatianum
523 1825 587 1864 esse
603 1815 678 1864 ratus
694 1811 854 1868 emendandi
866 1817 894 1868 et
909 1813 1079 1886 exstirpandi
1091 1811 1199 1868 modurn

224 1911 280 1950 non
294 1893 409 1950 inuenit.
453 1891 625 1948 Novissimus
641 1891 723 1946 etiam
744 1899 842 1963 poetae
864 1897 951 1952 nostri
972 1896 1079 1966 editor,
1101 1897 1196 1952 Fraue.

224 1979 325 2046 Pauly,
341 1976 387 2047 qui
403 1975 615 2046 diligentissime
634 1974 798 2046 scripturam
810 1978 890 2032 codd.
907 1981 1077 2051 antiquorum
1092 1996 1107 2034 e
1125 1995 1200 2035 oom-

225 2061 366 2118 mentariis
390 2058 503 2131 Gruquii
526 2066 630 2117 erutam
651 2057 847 2130 consignaviu.
865 2063 988 2131 quamvis
1010 2063 1112 2135 ubique
1139 2063 1199 2118 lere

224 2146 388 2217 scripturam
400 2143 462 2198 cod.
476 2143 647 2201 blandiniani
662 2142 843 2200 vetustissimi
860 2159 1061 2218 paucorumque
1073 2145 1200 2214 aliorum,

226 2228 272 2301 qui
288 2229 410 2298 „trutina
421 2226 564 2284 blandinio
580 2226 710 2298 pensati“
726 2243 828 2282 summa
840 2229 1003 2282 auctoritate
1018 2231 1109 2302 allide
1122 2229 1199 2299 digni

224 2313 402 2379 viderentur,
423 2327 455 2365 se
471 2315 594 2366 secutum
610 2326 673 2365 esse
691 2309 845 2379 glorietur,
867 2307 905 2364 ita
922 2315 1011 2362 tamen
1032 2313 1199 2367 coniecturis

226 2401 254 2451 et
269 2387 397 2452 versuum
413 2392 620 2449 eiectionibus'
612 2409 641 2447 ιιι
661 2391 803 2448 Horatium
819 2395 956 2446 vetustate
977 2390 1056 2446 nobis
1072 2397 1199 2451 traditum

224 2485 368 2548 grassatus
388 2482 446 2546 est
462 2481 492 2532 ut
505 2477 553 2533 vix
568 2475 756 2545 intelligatur,
777 2491 826 2530 eur
840 2479 985 2544 tantopere
1001 2472 1036 2526 de
1052 2473 1103 2530 ilde
1119 2479 1200 2556 Blan-

224 2559 398 2616 dinianorum
413 2559 592 2617 ac.eimilium
607 2559 740 2614 librorum
755 2563 867 2630 pugnet.
913 2555 1050 2622 Quocirca
1071 2559 1180 2615 etiam
1172 2577 1202 2616 ιιι

223 2644 278 2698 bac
294 2657 366 2702 nora
382 2645 504 2700 editione
519 2643 548 2698 id
570 2641 704 2711 agendum
726 2641 837 2712 putavi,
864 2644 907 2710 ut,
934 2645 1060 2711 quantum
1078 2657 1202 2715 possem,

225 2741 261 2780 ex
275 2725 345 2796 ipsis
360 2725 505 2780 lontibus
497 2741 517 2779 ι
536 2740 560 2778 e.
579 2740 594 2778 e
615 2724 760 2779 codicibus
776 2721 905 2795 scriptis,
929 2724 963 2780 de
979 2740 1094 2795 quorum
1108 2729 1202 2797 prelio

225 2815 253 2864 et
267 2808 427 2878 integritate
446 2805 475 2860 0.
493 2795 654 2862 Hirobner
646 2824 674 2862 ιιι
689 2806 775 2862 Novis
792 2807 903 2874 Quaest.
920 2807 1013 2865 Horat.
1029 2809 1101 2882 lips
1122 2814 1201 2869 1847.

223 2895 248 2949 4.
269 2891 324 2946 et'
316 2907 344 2946 ru
367 2889 508 2962 lpdicibus
528 2889 663 2945 librorum
683 2896 828 2947 msstorum
850 2897 878 2946 et
899 2893 1048 2963 editorum,
1069 2893 1203 2950 editionis

224 2991 292 3032 suae
319 2974 469 3030 Satirarum
499 2969 566 3048 (ap.
595 2974 867 3035 Teubnerum1854
899 2971 949 3050 8.)
977 2977 1049 3049 parti
1080 2977 1100 3032 l.
1134 2995 1202 3050 pag.

223 3057 440 3114 xx--xxxvl
462 3057 625 3130 praemissis
652 3059 754 3130 optime
782 3059 932 3130 iudicavit,
959 3061 1089 3131 haurire,
1121 3079 1205 3132 quarn

225 3142 357 3211 aliorum,
374 3141 455 3197 etiam
469 3143 654 3198 recentiorum
671 3142 806 3199 editorum
823 3161 949 3216 premere
964 3145 1100 3216 vestigia,
1116 3151 1204 3218 utque

224 3224 362 3294 vulgatam
373 3225 536 3296 scripturam
551 3226 688 3296 retinere,
707 3243 785 3298 quam
798 3244 830 3284 ea
847 3245 916 3300 quae
927 3229 1083 3316 probabilia
1095 3237 1205 3308 essent,

222 3323 284 3364 cam
296 3309 451 3364 certissimo
468 3311 592 3366 codicum
611 3316 743 3366 mstorum'
759 3313 901 3383 praesidio
924 3307 1064 3381 carerent,
1087 3313 1115 3386 in
1140 3315 1205 3370 eius

224 3391 287 3447 loco
301 3409 406 3464 ponere
423 3395 538 3450 mallem
584 3393 619 3450 Ut
637 3401 727 3450 autem
742 3395 927 3467 intelligatur,
950 3413 1001 3468 qua
1018 3395 1070 3451 lide
1085 3399 1206 3468 proriu-
