2526 3986
43 281 47 294 Ι
136 203 260 298 [saus]
294 290 296 299 ,
538 140 647 267 ursus
658 199 694 260 11.
942 184 949 208 ’
1040 199 1102 266 uss

123 399 156 431 k„
167 351 234 432 „ll
246 353 289 415 Ne
302 353 365 432 quis
377 353 508 412 humasse
519 352 720 429 velitAiacem,
733 353 840 429 Atrida,
855 363 934 414 vetas
947 352 1016 414 cur?

134 436 226 515 „„A.
239 439 302 498 Rex
320 457 391 497 sum.
420 436 462 496 lll.
477 437 523 498 Nil
541 437 611 497 ultra
629 455 734 515 quaere
752 436 891 516 plebeius.
925 437 963 498 A.
977 437 1014 499 Et

111 579 115 584 .
638 539 765 598 aequam,

135 652 156 684 „
167 605 263 682 „Rem
274 607 418 683 imperito:
430 621 464 664 ac
475 607 498 664 si
511 609 556 663 cui
567 605 667 664 videor
676 621 733 664 uun
743 607 842 679 iustus,
854 606 941 668 iuultc

135 689 294 766 „„Dicsrc
304 688 379 768 quod
390 691 474 748 sentit
484 691 625 766 permitte.
638 687 806 748 dlllaxime
816 708 925 767 regum,
1036 693 1096 755 190

134 773 224 850 „„Di
238 775 288 832 tibi
301 773 367 832 dent
380 781 461 850 capta
473 773 594 832 classem
610 771 748 832 reducere
760 771 853 833 Troia
940 809 941 812 =
1138 775 1142 790 ¹

133 903 155 933 „
164 856 266 936 „Ergo
279 857 429 916 consulere
442 866 470 916 ct
483 874 549 916 mex
559 855 734 934 respendere
746 854 864 936 licebitl

133 987 154 1018 „
164 939 225 1018 „A.
239 938 373 1009 Consule.
396 937 437 999 M.
450 939 508 1000 Cur
519 941 591 1000 Aiax
601 941 687 1000 heros
702 941 737 1000 ab
748 939 859 1000 Achilla
870 941 1011 1001 secundus

133 1070 154 1101 „
164 1023 329 1102 „Puesetu
344 1027 429 1084 toties
447 1027 565 1098 servatis
577 1025 668 1094 clarus
680 1025 808 1100 Achivis,

132 1107 311 1186 „„Gaudcat
323 1117 352 1167 ut
370 1107 493 1188 pupulus
508 1106 607 1168 Priami
619 1107 799 1186 Priamusque
810 1109 962 1184 inhumato,
1034 1111 1092 1171 195

131 1237 152 1270 „
162 1191 239 1268 „Per
254 1209 337 1270 quem
351 1200 393 1252 tut
404 1195 520 1251 iuvenes
534 1193 622 1269 patrio
636 1209 751 1251 caruere
763 1187 917 1270 sepulcro?

130 1275 152 1352 ,',
162 1273 222 1351 „ab
235 1266 312 1334 lllille
333 1277 426 1335 ovium
437 1278 551 1335 insanus
562 1279 643 1335 morti
656 1275 747 1351 dedit,
763 1275 887 1336 inclitum
898 1273 1008 1336 Ulixem

130 1405 151 1434 „
161 1358 220 1438 „Et
231 1358 387 1419 Menelaum
399 1379 452 1419 uua
463 1378 572 1419 mecum
584 1379 616 1419 se
631 1359 764 1419 occidere
779 1358 910 1422 clamans.

129 1489 152 1517 „
161 1441 227 1518 „lu
239 1443 297 1524 Tu,
318 1461 380 1502 cum
393 1460 445 1521 pre
456 1444 543 1504 vitula
554 1446 651 1503 statuis
664 1443 774 1504 dulcem
785 1441 887 1503 Aulide
897 1452 988 1527 natam

129 1526 258 1602 „„Antc
278 1545 339 1586 aras
361 1529 531 1607 spargisque
552 1527 627 1588 mola
643 1536 742 1605 caput,
761 1527 906 1604 improbe,
922 1527 1006 1606 salsa,
1030 1530 1091 1590 200

128 1655 149 1686 „
159 1609 301 1686 „Rectum
313 1613 394 1670 animi
407 1609 524 1672 servas?
543 1609 581 1689 A,
594 1609 820 1685 Quorsum....?
842 1609 872 1669 M
877 1609 1007 1671 .lnsanus

378 1705 381 1716 ·
631 1693 697 1774 quid
709 1697 782 1762 euim
792 1695 864 1754 Aiax

126 1823 148 1854 „
158 1776 273 1854 „Fecit,
287 1797 349 1838 cum
361 1780 457 1848 stravit
468 1776 544 1838 serre
561 1776 671 1857 pecus?
690 1779 831 1838 Abstinuit
841 1780 897 1837 vim

127 1907 148 1938 „
158 1860 277 1936 ,‘,Ux0rc
290 1871 317 1920 at
328 1870 428 1939 guat03
440 1862 511 1921 mala
521 1862 605 1922 multa
622 1870 752 1940 precatus
763 1861 879 1938 Atridis,
920 1904 923 1910 .

125 1990 147 2021 „
157 1944 245 2021 „Nou
256 1943 304 2003 ille
316 1955 362 2003 aut
370 1944 508 2004 Teucrum
520 1955 565 2005 aut
577 1947 668 2022 ipsum
679 1942 920 2006 violavitUlixcm.

124 2025 931 2105 „„A.Verumcgc,utbacreutcsadversolitcrcuavcs'
1027 2028 1087 2090 205

124 2157 145 2187 „
156 2110 343 2188 ,3Eriperem,
357 2112 479 2189 prudens
491 2111 599 2190 placavi
612 2116 748 2190 sauguine
761 2113 852 2172 dirus.

124 2241 145 2272 „
156 2193 222 2270 ,‚M.
238 2193 348 2272 Nempe
359 2203 407 2254 tuo
417 2240 425 2272 ,
437 2192 566 2255 furiose?
592 2194 629 2257 A.
641 2195 724 2272 Mae,
737 2196 789 2256 sed
800 2213 856 2256 nen
869 2196 1003 2256 furiosus.
1105 2223 1117 2246 ·

124 2325 144 2356 „
156 2277 222 2355 „M.
236 2277 290 2350 Qui
303 2280 417 2356 species
432 2278 500 2339 alias
511 2281 572 2338 veri
584 2280 761 2357 scelerisque
772 2279 888 2338 tumultu
915 2351 918 2356 Ι
995 2320 996 2328 1
1060 2296 1061 2304 ¹

123 2405 144 2438 „
154 2361 331 2439 „Permixtas
344 2363 446 2440 capiet,
459 2373 614 2423 commotus
625 2363 781 2440 habebitur,
793 2371 877 2440 atquc

124 2493 145 2522 „
154 2445 336 2522 „stultitiane
348 2455 440 2522 erret,
463 2447 577 2506 nibilum
592 2446 722 2523 distabit,
734 2463 769 2506 uu
780 2449 830 2504 ira.
1025 2451 1086 2512 210

123 2575 144 2606 „
154 2528 248 2605 „Aiax
260 2547 323 2589 cum
334 2525 487 2590 immeritus
499 2529 621 2606 eccidit,
634 2530 756 2608 desipit,
774 2544 876 2607 agnem

122 2659 144 2689 „
155 2609 249 2689 „Cum
261 2613 382 2692 prudens
395 2613 489 2675 scelus
506 2615 543 2674 cb
555 2614 651 2674 titulus
663 2614 782 2674 admittis
794 2616 901 2689 inanes,

122 2742 143 2774 ‚,
154 2696 242 2773 „Stes
254 2699 344 2759 auimo
357 2707 385 2756 et
402 2716 501 2776 purum
516 2701 638 2758 astuitia
650 2698 715 2773 tibi,
729 2715 792 2756 cum
799 2696 933 2757 tumidum
945 2705 999 2774 cst,
1096 2699 1098 2704 '

628 2779 723 2842 cor?“

121 2863 178 2942 „Si
189 2866 252 2942 quis
262 2864 363 2924 lectica
374 2865 487 2925 nitidam
498 2876 611 2943 gestare
622 2875 696 2926 amet
707 2881 816 2944 aguam,
859 2873 866 2886 '
1084 2913 1091 2925 ,

121 2947 218 3025 „Huic
230 2958 339 3008 vestem
350 2957 379 3008 ut
396 2959 497 3028 gnatae
510 2959 603 3027 paret,
619 2948 733 3010 ancillas
745 2958 836 3027 paret,
849 2967 956 3028 aurum,
984 3006 990 3036 Ι
1021 2953 1082 3014 215

120 3031 246 3109 „Rufum
258 3041 305 3091 aut
316 3031 446 3092 Pusillam
457 3033 582 3111 appellet
596 3033 720 3116 fortique
730 3035 828 3092 marite

120 3114 275 3193 „Destinet
286 3133 417 3178 uxorem:
428 3117 577 3177 interdicto
589 3117 654 3177 huic
665 3133 746 3176 omns
757 3116 858 3178 adimat
869 3119 921 3178 ius·

119 3197 262 3276 „Praetor
273 3210 301 3258 ct
312 3200 347 3260 ad
359 3215 443 3260 sanus
455 3201 537 3260 abeat
548 3201 635 3261 tutela
646 3203 832 3279 propinquus.
940 3241 943 3246 -

118 3281 234 3360 „Quid,
248 3285 272 3342 si
285 3285 347 3362 quis
358 3293 468 3361 gnatam
480 3299 531 3362 pro
543 3293 617 3344 muta
630 3285 752 3344 devovet
762 3303 843 3362 agua,
873 3359 875 3364 s
953 3291 958 3302 ⁸
