2526 3986
114 187 187 264 [sss.
202 183 239 261 4.]
427 273 434 286 „
472 143 474 153 ’
513 185 622 247 amaa
633 184 669 244 11.

114 336 308 416 Quaecunque
320 339 465 398 immundis
477 338 588 398 fervent
599 337 681 397 allata
695 340 816 415 popinis.
892 335 894 340 ’
963 321 965 328 1

111 419 164 480 Est
179 438 285 499 operae
296 421 417 498 pretium
428 421 549 499 duplicis
562 438 733 498 pernoscere
745 421 812 481 iuris
862 417 865 434 ’

111 503 253 564 Naturam.
274 504 433 582 ,Simplexo
450 503 524 564 dulci
538 513 648 565 constat
660 504 746 580 olivo,

112 587 197 660 Quod
209 590 305 666 pingui
317 590 437 648 miscere
448 607 526 648 mero
537 591 683 666 muriaque
693 587 806 649 decebit

111 671 175 732 Non
186 672 256 748 alia,
274 691 356 750 quam
368 691 422 750 qna
433 671 567 748 Byzantia
578 673 668 749 putuit
679 689 755 732 orca.

111 756 173 834 Hoc
184 757 231 815 ubi
245 756 392 816 confusum
404 759 490 816 sectis
501 755 634 818 inferbuit
644 755 740 816 herbis

110 839 295 918 Corycioque
306 857 393 898 croco
406 857 534 917 sparsum
545 841 637 916 stetit,
653 840 769 916 iusuper
779 837 864 898 addes
905 844 911 849 ’

103 923 211 984 Pressa
223 923 399 984 Venafranae
411 923 487 1002 quod
498 917 586 984 hacc'a
599 923 708 983 remisit
723 921 825 981 olivae.
922 995 926 1006 Ι

109 1007 222 1068 Picenis
235 1001 337 1068 cedunt
349 1009 441 1084 pomis
455 1005 580 1069 Tiburtia
590 1024 675 1067 suco:

109 1089 180 1152 Nam
192 1092 429 1168 iaciepraestant.
451 1091 599 1163 Venucula
611 1091 741 1152 convenit
752 1089 831 1158 oliis;
876 1150 879 1156 .

108 1175 228 1234 Rectius
239 1175 372 1235 Albanam
384 1175 461 1236 fumo
473 1175 617 1237 duraveris
631 1191 723 1250 uuam.

109 1257 187 1319 lianc
200 1273 256 1337 ego
268 1276 331 1318 cum
342 1259 438 1334 malis,
454 1277 510 1337 ego
521 1259 632 1337 faecem
644 1259 750 1336 primus
762 1267 792 1318 ct
804 1255 896 1332 halec,

51 1361 58 1369 ·
108 1342 217 1402 Primus
230 1351 258 1401 ct
269 1345 396 1402 invenior
407 1345 490 1422 piper
504 1341 597 1405 album
608 1361 676 1403 cum
686 1339 746 1400 saie
758 1343 839 1418 nigro

109 1425 249 1486 incretum
261 1428 338 1504 puris
354 1428 593 1504 circumposuisse
604 1425 717 1508 catillis.
772 1454 775 1464 ·

107 1509 231 1570 immane
245 1519 290 1570 est
299 1512 414 1586 vitium,
431 1509 497 1570 darc
508 1511 594 1571 millia
608 1519 687 1571 terna
697 1507 817 1570 macello

107 1594 296 1672 Angustaque
307 1611 397 1672 vagos
410 1597 507 1672 pisces
519 1613 623 1672 urgere
635 1595 737 1670 catino.
751 1614 755 1644 t

106 1677 209 1756 Magna
222 1687 317 1738 movet
327 1679 473 1738 stomacho
485 1678 607 1754 fastidia,
619 1697 671 1738 seu
685 1693 756 1755 puer
773 1679 864 1736 unctis

107 1761 250 1821 Tractavit
261 1762 378 1821 calicem
390 1763 536 1838 manibus,
550 1761 614 1824 dum
625 1762 697 1824 furta
707 1759 827 1838 ligurrit,

106 1847 176 1905 Sive
186 1847 281 1923 gravis
292 1845 383 1906 veteri
395 1855 519 1912 craterae
529 1845 613 1906 limus
626 1844 763 1906 adhaesit.

104 1929 217 1989 Vilibus
229 1932 256 1988 in
268 1931 382 2006 scopis,
403 1931 432 1986 in
444 1930 569 2005 mappis,
586 1931 614 1988 in
628 1928 717 1988 scobe
733 1936 852 2007 quantus
893 1999 894 2002 Ἴ

105 2013 245 2074 Consistit
259 2008 386 2084 sumtus?
398 2009 561 2090 neglectis,
574 2011 709 2089 flagitium
719 2014 829 2088 ingens.

104 2096 176 2156 Ten'
191 2094 301 2172 lapides
311 2097 406 2163 uarios
416 2093 551 2156 lutuienta
561 2095 661 2156 radere
675 2095 765 2172 palma
854 2167 855 2170 Ἴ

103 2180 141 2240 Et
153 2177 252 2255 Tyrias
265 2178 449 2240 darecircum
459 2176 538 2239 illota
548 2178 646 2240 toralia
657 2187 765 2255 vestes,

104 2263 246 2336 Oblitnm,
260 2272 363 2341 quanto
376 2280 471 2322 curam
484 2273 661 2342 summoque
672 2264 807 2324 minorem

103 2347 184 2408 Haec
194 2347 330 2422 habeant,
343 2355 420 2406 tanto
431 2341 601 2424 reprehendi
613 2348 713 2407 iustius
724 2345 792 2421 illis,

104 2431 187 2504 Quae
200 2431 254 2490 nisi
267 2430 399 2491 divitibus
416 2439 556 2511 nequeant
568 2432 732 2507 contingere
743 2423 867 2498 mensis?

102 2513 211 2578 Horat.
223 2514 317 2574 Docte
324 2514 397 2590 Cati,
406 2532 457 2593 per
464 2516 615 2574 amicitiam
626 2513 765 2591 bacaque
773 2519 900 2588 rogatus,

102 2597 218 2658 Ducere
229 2616 275 2658 mc
286 2598 425 2674 auditum,
439 2615 544 2676 perges
557 2615 736 2676 quocunque,
750 2603 899 2656 memento.
914 2663 917 2670 ἱ

103 2681 175 2752 Nam
188 2685 314 2761 quamne
325 2684 441 2742 memori
453 2682 564 2742 referas
579 2682 645 2746 mihi
657 2691 775 2759 pectore
788 2687 898 2754 conch,

104 2765 170 2826 Non
180 2776 273 2826 tamen
283 2769 422 2844 interpres
433 2765 593 2826 tantundem
604 2767 719 2826 iuveris.
740 2762 825 2841 Ande

103 2849 217 2911 Vultum
226 2851 407 2929 habitumque
418 2851 549 2926 bominis,
557 2868 645 2929 quem
652 2859 681 2908 tu
688 2848 796 2911 vidisse
807 2846 905 2905 beatus

103 2931 168 2992 Non
179 2937 271 3012 magni
283 2934 399 3014 pendis,
415 2936 480 3012 quia
492 2936 625 3013 contigit:
636 2933 740 2996 etmihi
752 2949 819 2991 cura

103 3015 166 3076 Non
179 3017 331 3078 mediocris
344 3020 434 3094 inest,
448 3019 542 3078 fontes
555 3026 584 3081 ut
595 3017 672 3078 adire
682 3027 807 3086 remotos

103 3100 197 3178 Atque
208 3102 318 3164 haurhc
334 3121 435 3181 queam
445 3105 521 3162 vitae
532 3111 685 3180 praecepta
696 3101 805 3161 beatae.
904 3137 908 3148 .

520 3261 661 3270 ...-—-—--

1015 183 1076 252 189
