2526 3986
141 235 242 304 [Epist.
256 231 308 301 18.]
404 297 406 305 s
482 226 682 287 =LlBERL
729 221 730 226 ¹

141 379 221 453 Quae
233 397 266 438 so
278 361 454 438 commendat
464 386 545 439 tonsa
558 389 639 456 cute,
652 377 780 438 dentibus
790 379 868 455 atris,

140 463 214 523 Dum
223 463 283 523 vult
293 443 408 522 libertas
422 461 478 520 dici
492 480 567 522 mera
576 481 702 540 veraque
712 463 809 521 virtus.

122 569 125 576 ·
138 546 233 607 Virtus
246 555 289 605 est
303 545 423 605 medium
437 547 566 605 vitiorum
578 555 606 606 et
619 548 758 623 utrimque
768 545 966 606 reductum.

138 631 254 706 Alter,
245 649 274 689 ιιι
286 629 454 707 obsequium
467 629 531 706 plus
541 646 635 707 aequo
647 646 752 706 pronus
762 631 811 686 et'
802 631 849 687 rmi
931 635 933 640 '
954 657 955 660 ¹
1058 631 1098 694 10

138 711 350 788 Derisorlecti,
368 713 410 771 sic
421 721 517 771 numm
528 712 620 772 divitis
630 713 736 788 horret,

129 797 187 858 'Sic
198 799 280 856 iterat
289 813 378 855 voces
390 804 419 855 et
428 795 515 855 verba
526 796 653 856 cadentia
663 795 747 871 tollit,

138 880 175 942 Ut
185 897 303 958 puerum
314 895 401 938 saevo
417 877 516 938 credas
527 879 629 941 dictata
638 881 772 958 magistro

139 963 288 1039 Reddere,
306 961 354 1022 vel
366 971 461 1041 panes
472 964 583 1022 mimum
594 972 713 1022 tractare
729 959 880 1029 secundam

138 1047 218 1106 Alter
228 1045 395 1106 rixatur-de
407 1043 471 1102 lana
483 1062 572 1126 saepe
585 1049 717 1123 caprina,
851 1056 853 1062 ’
1057 1048 1095 1109 15

138 1130 300 1208 Propngnat
309 1131 393 1208 nugis
404 1135 541 1189 umatus:
558 1129 755 1206 „scilicetsut
767 1145 824 1186 non

139 1215 205 1291 „Sit
216 1214 282 1273 mihi
292 1214 381 1292 prima
391 1211 462 1272 fides
474 1221 518 1290 et,
535 1231 603 1272 vere
615 1213 690 1292 quod
701 1211 810 1290 placet,
826 1219 923 1270 utnon
962 1263 967 1267 ,

140 1295 274 1375 „Acriter
289 1296 418 1372 elatrem‚
434 1298 554 1374 pretium
565 1304 642 1357 aetas
654 1296 741 1357 altera
752 1294 883 1354 sordeti‘

138 1381 295 1459 Ambigitur
306 1379 373 1459 quid
385 1377 480 1439 enim?
501 1378 684 1440 Castorsclat
695 1397 730 1439 an
740 1377 969 1456 Dolichosplus:

137 1463 313 1524 Brundisium
325 1461 597 1524 llinuolmelinsvia
610 1463 692 1524 ducat
705 1461 840 1539 anllppi.
986 1485 989 1492 ’
1056 1465 1097 1528 20

139 1548 230 1622 Quem
241 1547 373 1608 damnosa
383 1565 489 1624 venus,
506 1565 589 1626 quem
600 1563 739 1626 praeceps
751 1546 813 1606 aloa
822 1545 917 1622 nudat,

139 1631 234 1692 Gloria
244 1650 328 1710 quem
339 1648 427 1710 supra·
434 1633 511 1690 vires
526 1633 651 1690 etvestit
660 1640 689 1690 et
699 1632 788 1708 ungit,

139 1714 229 1789 Quem
240 1723 319 1775 tenet
330 1716 437 1793 argenti
450 1716 511 1774 sitis
523 1718 680 1792 importuna
690 1714 846 1791 famesque,

68 1841 69 1846 ι
138 1798 231 1872 Quem
239 1800 413 1877 paupertatis
424 1798 516 1876 pudor
527 1807 556 1857 et
566 1798 648 1874 iuga,
666 1797 745 1856 dives
759 1799 864 1856 amicus
1115 1855 1119 1868 ,

138 1883 233 1960 Saepe
245 1881 346 1945 decern
357 1883 435 1940 vitiis
446 1883 607 1940 instructior
617 1879 677 1939 odit
687 1889 716 1939 et
726 1880 832 1955 horret,
1056 1879 1093 1943 25

142 1965 208 2042 dut,
228 1967 319 2024 sinon
331 1963 404 2038 odit,
420 1965 494 2040 regit
504 1963 636 2022 acveluti
647 1965 694 2041 pia
704 1973 792 2022 mater

138 2048 203 2108 Plus
216 2065 298 2126 quam
309 2063 343 2106 se
354 2062 456 2123 sapere
469 2055 498 2105 et
507 2045 654 2118 viantibus
667 2065 733 2106 esse
745 2048 868 2125 priorem

136 2131 219 2208 Vult,
233 2139 261 2190 et
272 2132 310 2189 ait
321 2144 412 2207 propo
422 2146 506 2188 vera:
522 2128 627 2204 „Meae
639 2163 650 2170 -
665 2129 836 2189 contendere
847 2129 904 2190 noli
914 2129 921 2189 !
932 2163 945 2172 -
976 2129 977 2134 ’

136 2215 311 2292 „stultitiam
322 2214 462 2291 patiuntur
472 2213 624 2291 opem-tibi
636 2213 750 2290 parvula
760 2232 808 2272 res
820 2223 878 2273 est:

138 2297 228 2376 „Arta
239 2297 323 2357 decet
334 2313 431 2356 sanum
442 2298 572 2356 comitem
583 2303 664 2372 toga;
679 2295 777 2355 desine
787 2313 897 2356 mecum
1050 2299 1096 2360 30

136 2380 313 2458 „Gertare.“
331 2377 517 2457 Eutrapelus,
531 2381 688 2457 cuicunque
700 2396 806 2438 nocere
817 2379 943 2456 volebat,

86 2483 102 2497 ι
135 2465 308 2524 Vestimenta
319 2463 402 2523 dabat
415 2465 554 2562 pretiosa:
569 2462 668 2522 beatus
680 2464 754 2521 enirn
764 2465 818 2522 iarn

137 2547 208 2609 Cum
223 2546 348 2626 pulolrris
358 2547 460 2606 tunicis
472 2555 564 2606 sumet
573 2561 647 2605 nova
657 2545 776 2606 consilia
788 2556 816 2606 et
827 2563 905 2625 spes,

134 2631 281 2692 Dormiat
272 2649 301 2691 rn
311 2629 421 2706 lucem
439 2638 534 2690 scorto
546 2637 700 2708 postponet
709 2631 855 2690 honestum

136 2697 283 2790 Ollic‘ium,
304 2730 431 2775 nummos
444 2713 553 2773 ahenos
564 2721 679 2791 pascet
691 2712 823 2773 adimam
1054 2715 1093 2775 85

134 2797 229 2858 Threx
243 2799 297 2856 erit
308 2805 355 2857 ant
366 2795 476 2857 olboms
487 2805 554 2874 aget
563 2797 696 2856 mercede
708 2796 854 2856 caballum.

133 2881 273 2940 Arcanum
286 2897 380 2960 nequo
390 2889 421 2941 tn
432 2881 603 2941 scrutaberis
613 2879 689 2940 illius
699 2897 830 2959 unquam,

134 2963 377 3043 commissumque
386 2974 469 3043 teges
481 2973 510 3024 et
519 2967 586 3024 vino
597 2972 687 3024 tortus
699 2973 728 3024 et
739 2965 789 3023 ira.

133 3047 253 3108 Noctua
264 3046 390 3109 laudabis
403 3047 494 3110 studia
507 3057 554 3108 ant
564 3047 654 3108 aliena
664 3046 829 3125 reprendes,

131 3130 211 3208 Nec,
228 3149 291 3190 cum
303 3135 398 3192 venari
408 3131 486 3192 volet
496 3131 559 3208 ille,
570 3137 704 3210 potrnata
714 3148 832 3209 pinges.
1053 3129 1095 3192 40

132 3213 226 3276 Gratia
238 3217 281 3274 sic
292 3215 406 3276 fratrum
421 3218 613 3293 geminorum,
629 3214 796 3292 Amphionis
807 3222 891 3292 atque

86 3369 89 3388 ι
132 3298 232 3373 Zethi,
245 3297 381 3376 dissiluit,
397 3297 488 3357 donec
500 3306 634 3375 suspecta
645 3315 748 3357 severo
