2526 3986
126 227 317 307 [sitast
503 180 677 284 'amaus
756 229 781 326 s
848 311 858 326 ο
1032 221 1094 286 roa

213 373 360 454 „Membra
376 377 657 454 animumquetmrm,
680 375 761 436 nubis
783 375 844 435 sin'e
866 363 1008 436 eortioess
1032 379 1094 442 120

419 501 429 508 .,
785 459 890 519 bieme

209 543 362 606 Formabat
378 559 496 621 puemm
510 542 610 619 dietis,
634 551 663 601 et
675 543 735 602 sive
748 543 878 619 iubebat,

209 629 248 690 Ut
268 628 397 688 iacerem
421 624 502 705 quid:
527 625 646 703 „Habes
668 635 827 702 auctorem,
851 643 908 704 quo
920 626 1008 687 iaoias

306 725 310 732 ’
775 709 887 786 hoe,“·

107 793 110 797 ’
209 793 301 854 Unum
317 811 353 854 ex
368 791 509 855 iudicibus
520 791 636 852 selectis
648 793 836 861 obiiciebam·
1076 799 1078 828 ¹

135 949 142 954 ,
210 879 278 938 Sive
288 878 414 938 vetabat:
427 877 495 952 „Aa
506 877 562 936 hoo
573 878 750 936 inhonestum
764 885 792 936 ut
802 875 900 940 inutile
910 876 1015 937 factum

210 960 333 1039 „Nosne
346 962 383 1020 sit
395 960 672 1038 addubites,ilugret
682 977 796 1020 rumore
805 959 880 1020 malo
892 958 955 1020 oum
1030 961 1089 1024 125
1165 1027 1170 1044 1

209 1041 286 1122 „Hie
298 1053 383 1123 atque
394 1041 489 1104 ἰΙΙοῩιι
504 1043 613 1104 Aridos
627 1045 749 1104 ricinum
764 1043 847 1103 funus
858 1053 888 1102 ut
904 1061 1008 1121 aegros

207 1127 368 1204 Exauimat‚
381 1131 538 1206 mortisque
549 1136 625 1188 metu
638 1127 692 1188 sibi
704 1145 822 1206 paruere
838 1129 931 1204 cogit:
967 1173 971 1178 .

209 1213 257 1271 Sio
269 1221 384 1272 teneros
394 1215 503 1272 animos
514 1211 606 1272 aliena
617 1212 771 1289 opprobria
782 1227 871 1288 saepe

207 1295 375 1356 Absterreut
384 1297 471 1355 vitiis.
515 1294 560 1355 Ex
571 1294 628 1355 hoo
640 1313 696 1374 ego
708 1313 792 1354 sanus
804 1295 839 1354 ab
851 1293 918 1370 illis,

207 1378 364 1439 Pemioiem
375 1397 564 1458 quaeeunque
575 1379 681 1457 ierunt,
697 1377 888 1438 mediocribus
902 1378 1005 1455 etquis
1030 1381 1091 1442 130
1197 1448 1199 1453 .

205 1461 345 1540 Ignoscas
356 1464 432 1522 vitiis
443 1473 559 1532 teneam
580 1463 710 1524 fortassis
723 1460 865 1522 etisthino
910 1505 917 1522 ,

205 1544 334 1624 largiter
345 1546 494 1606 abstulerit
502 1547 588 1626 lunga
601 1556 692 1624 aetas,
705 1545 908 1621 liberantium,

208 1627 363 1690 Consilium
386 1633 545 1708 proprium:
567 1649 662 1710 neque
683 1633 773 1718 enim,
801 1647 865 1689 oum
878 1628 1007 1690 'leourlus

785 1721 888 1773 autme

205 1795 335 1858 Porticus
346 1799 470 1875 excepit,
481 1797 579 1858 desum
588 1797 664 1858 mihi.
677 1795 817 1874 „Rectius
826 1795 882 1856 hoo
892 1797 1006 1856 esti“...
1039 1833 1043 1853 t

207 1879 293 1956 „Hoc
305 1881 413 1940 faciens
422 1883 515 1940 vivam
525 1880 673 1940 melius!“.
721 1881 793 1957 „Sio
805 1879 897 1940 duleis
908 1875 1005 1941 amioi's
1030 1880 1089 1942 135

205 1962 434 2040 „Ooouriam1“.
444 2007 467 2023 ..
482 1963 569 2040 „Hoc
581 1963 692 2042 quidam
703 1981 760 2024 non
769 1963 860 2030 belle:
872 1963 1006 2042 numquid

777 2048 886 2108 soilli

205 2127 394 2208 „Imprudens
417 2130 485 2190 oiim
506 2130 607 2190 faciam
630 2127 772 2190 simile?“
785 2066 827 2190 ,8.
848 2131 927 2192 Haeo
949 2145 1006 2209 ego

774 2232 884 2274 meeum

201 2295 386 2376 Compressis
400 2299 476 2376 agito
491 2297 591 2366 labris;
606 2298 654 2357 ubi
667 2297 734 2376 quid
746 2296 826 2356 datur
838 2301 888 2374 oti,

204 2379 296 2442 illudo
310 2382 423 2441 chartis.
454 2378 530 2440 ΚΗοο
541 2390 586 2442 est
599 2380 790 2440 mediocribus
801 2380 858 2442 illis

204 2463 540 2534 Exritiisuuurm30uisi
555 2463 811 2541 comemmorans,
1028 2465 1090 2530 140

204 2547 292 2608 Multa
303 2555 451 2626 poetarum
461 2550 558 2609 veniat
571 2566 684 2624 manus,
700 2547 805 2609 auxilio
817 2566 890 2626 quae

206 2633 248 2692 Sit
259 2633 340 2692 mihi:
356 2651 419 2692 uam
430 2626 627 2710 multoplures
640 2649 751 2708 sumus,
766 2649 800 2692 ao
811 2631 899 2692 veluti
910 2641 939 2692 te

204 2714 302 2776 Iudaei
318 2733 455 2794 cogemus
469 2718 498 2776 in
509 2715 581 2775 hano
596 2715 756 2776 concedere
767 2717 885 2776 turbam.

538 2926 687 2938 ——a--a

485 3076 669 3180 aarum
688 3109 730 3164 v.

205 3217 359 3298 Egressum
370 3221 470 3299 magra
481 3239 527 3280 me
539 3222 654 3298 excepit
664 3218 758 3278 Aricia
768 3216 858 3276 Roma
974 3204 982 3211 “

205 3301 337 3382 Hospitio
350 3304 478 3381 modico,
495 3305 593 3364 rhetor
604 3318 701 3362 eomes
712 3299 900 3377 Heliodorus‚'
