2526 3986
188 225 248 291 tas
567 231 782 302 sartandum
901 177 905 194 ’
984 233 1150 313 qma]

268 375 314 444 Nil
327 386 381 443 nisi
391 383 457 444 lene
468 384 565 445 decet:
577 385 633 446 leni
645 387 809 463 praecordia
820 385 911 466 mulso
927 429 928 432 ,

268 467 410 527 Penlueris
423 467 534 528 melius.
558 469 588 529 Si
603 469 670 529 dura
681 471 834 530 morabitur
844 469 933 545 alvus,

267 551 380 612 Mitulus
397 561 425 611 et
434 552 507 612 viles
518 553 625 631 pellent
636 553 774 614 obstantia
786 554 912 617 conchae

267 634 304 694 lit
314 635 418 714 lapathi
429 636 524 696 brevis
537 637 637 712 herba,
655 637 706 696 sed
718 636 850 696 albanen
862 639 922 696 sine
935 635 1008 699 Gon.

204 721 246 782 30
266 717 386 779 Lubrica
396 730 547 780 nascentes
558 721 675 798 implent
687 721 834 796 conchylia
846 720 942 788 lunae:

266 802 323 862 Sed
337 820 393 863 non
406 821 488 863 omne
499 822 576 864 mare
588 813 632 864 est
642 822 802 881 generosae
813 804 906 864 fertile
917 811 1021 866 testae:

265 885 373 946 Murice
386 887 492 947 Baiano
504 888 605 948 melior
617 885 734 948 Lucrina
749 888 867 967 peloris,

266 963 519 1047 Ostreailirceiis,
535 971 645 1031 Miseno
663 973 789 1032 oriamur
802 972 904 1048 echini,
953 1005 962 1022 ν

185 1115 186 1125 ,
265 1051 425 1114 l‘ectidibus
437 1056 539 1133 patulis
552 1059 678 1115 iactatae
690 1055 775 1114 molle
787 1053 944 1115 Tarentum.

202 1135 242 1197 35
265 1137 326 1198 Nec
339 1139 393 1198 sibi
411 1155 562 1200 coenarum
578 1142 669 1220 quivis
684 1148 792 1199 temere
803 1147 917 1217 arroget
929 1146 1027 1216 artem,

265 1221 329 1282 Non
344 1221 422 1300 prius
432 1231 530 1283 exacta
545 1225 621 1289 tenui
631 1225 740 1283 ratione
752 1240 893 1302 saporum.
1098 1231 1101 1236 '

264 1304 327 1365 Nec
339 1308 407 1366 satis
419 1315 480 1383 est,
498 1324 561 1367 cara
575 1309 672 1385 pisces
682 1325 814 1368 averrere
827 1325 923 1366 mensa
939 1331 941 1338 u

264 1388 409 1467 Ignarum,
423 1391 526 1468 quibus
538 1400 583 1450 est
593 1393 637 1449 ius
649 1393 740 1469 aptius
754 1391 895 1469 atquibus
908 1395 980 1449 assis

264 1470 423 1551 Languidus
435 1475 463 1532 in
471 1474 598 1533 cubitum
610 1477 664 1534 iam
675 1493 707 1534 se
721 1477 839 1534 conviva
850 1484 978 1552 reponet.

201 1552 243 1616 40
264 1556 369 1617 Umber
384 1566 412 1616 et
427 1555 512 1635 iligna
523 1561 642 1618 nutritus
655 1558 758 1635 glande
768 1559 901 1618 rotundas

264 1637 368 1701 Curvat
380 1655 449 1718 aper
462 1641 558 1702 lances
571 1660 681 1703 carnem
695 1645 807 1702 vitantis
821 1644 952 1701 inertem:

264 1722 334 1784 Nam
343 1722 467 1784 Laurens
477 1725 565 1785 malus
578 1734 636 1803 est,
656 1726 729 1785 uluis
749 1735 778 1784 et
791 1726 924 1786 amndine
937 1725 1062 1802 pinguis.

262 1807 351 1868 Vinea
364 1809 500 1868 submittit
511 1827 630 1887 capreas
641 1825 696 1869 non
708 1825 822 1888 semper
833 1808 942 1868 edules.

263 1891 413 1952 Fecundae
425 1892 534 1971 leporis
546 1895 661 1971 sapiens
674 1895 828 1954 sectabitur
839 1909 942 1957 armos.

200 1970 239 2037 tt
262 1974 390 2035 Piscibus
405 1985 490 2054 atque
501 1978 600 2038 avibus
615 1994 688 2057 qnae
704 1987 800 2037 natum
812 1986 841 2036 ct
851 1978 927 2036 foret
938 1985 1028 2054 aetas,

261 2059 335 2118 Ante
349 2078 442 2118 meum
456 2060 524 2120 nulli
537 2064 625 2139 patuit
637 2065 763 2141 quaesita
775 2059 905 2138 palatum.
934 2091 940 2097 ·

263 2142 333 2201 Sunt
344 2159 462 2223 quorum
474 2145 617 2222 ingenium
625 2163 698 2204 nova
709 2154 813 2204 tantum
825 2143 948 2204 crustula
959 2146 1078 2221 premit:

262 2225 446 2306 Nequaquam
458 2231 526 2288 satis
538 2231 565 2287 in
577 2247 609 2288 re
622 2247 676 2288 una
691 2243 857 2287 consumere
873 2245 975 2300 auram,

262 2309 299 2370 Ut
305 2315 333 2370 tsi
347 2313 410 2390 quis
426 2312 517 2371 selum
527 2313 599 2388 boc,
612 2312 683 2390 mala
694 2330 730 2371 ne
743 2314 799 2371 sint
810 2314 889 2388 vina,
903 2310 1023 2386 laboret,

200 2391 240 2456 50
264 2393 347 2466 Quali
358 2395 507 2474 perfundat
518 2399 615 2475 pisces
628 2413 746 2455 securus
758 2395 845 2454 clive.

262 2476 383 2539 tlasstea
398 2482 421 2538 si
438 2478 521 2539 coele
535 2497 677 2558 supponas
689 2481 753 2538 uina
765 2495 867 2538 sereno

262 2560 423 2638 Nectuma,
442 2565 466 2622 si
481 2564 547 2641 quid
560 2565 647 2624 crassi
660 2572 720 2638 est,
731 2562 891 2622 tenuabitur
902 2580 978 2637 aura,

261 2643 298 2704 Et
309 2645 430 2705 decedet
444 2646 515 2706 odor
526 2649 621 2706 nervis
633 2649 776 2713 inimicus:
787 2655 814 2704 at
825 2645 872 2706 illa

261 2727 863 2808 integrumperduntlinnnitiatasaporem.
955 2788 965 2801 Ι

198 2813 237 2878 te
261 2813 422 2880 Surrentina
433 2815 513 2874 vafer
525 2816 573 2893 qui
584 2817 685 2873 miscet
695 2814 777 2873 laece
789 2811 907 2872 Falerna

189 2953 198 2970 „
259 2895 345 2972 Vina,
363 2895 523 2958 columbine
535 2898 629 2957 limum
641 2899 714 2956 bene
731 2897 840 2974 colligit
856 2911 923 2972 evo,

261 2977 406 3052 Quatenus
418 2983 472 3041 ima
484 2984 555 3059 petit
564 2981 684 3040 volvens
699 2981 789 3042 aliena
799 2981 923 3040 vitellus.

260 3061 355 3124 'iustis
366 3075 537 3124 marcentem
551 3064 661 3146 squillis
672 3066 816 3128 recreabis
830 3065 935 3124 etnim

132 3205 133 3208 ,
260 3145 394 3208 Peterem
410 3148 541 3209 cochlea:
559 3167 621 3209 nam
632 3149 742 3210 lactuca
753 3151 856 3208 innatat
867 3150 923 3208 acri

197 3237 238 3298 60
259 3229 327 3289 Post
337 3232 431 3290 vinum
443 3234 605 3300 stomacho:
630 3249 717 3315 perna
736 3235 826 3310 magis
837 3251 871 3292 ac
882 3233 971 3309 magis
982 3228 1059 3289 billis

258 3312 380 3394 Flagitat
390 3315 538 3376 immersus
550 3318 646 3394 retici,
663 3319 729 3396 quin
740 3318 832 3376 omnia
842 3317 929 3391 malit,
