2526 3986
180 187 244 252 aaa
508 187 786 252 wnusuonnunn
970 148 1072 270 lupas.
1088 197 1148 266 ιιι]

480 380 842 440 musmonem.

401 488 466 542 Ab
502 489 920 547 MAECENATEM.

263 608 360 670 Prisco
372 609 396 668 si
408 608 516 685 credis,
533 608 683 670 Maecenas
695 609 793 688 docte,
810 610 933 689 Cratino,

263 690 346 753 Nulla
357 690 469 772 placere
481 692 593 754 dinnao
603 695 702 753 ninere
713 696 832 755 carmina
844 706 971 774 possunt,

265 775 614 855 Quaescribnnturaquae
628 777 786 855 potoribus.
809 778 846 839 Ut
856 779 928 840 male
940 797 1024 841 sanos
1061 785 1062 792 ’

206 875 208 881 ’
262 859 421 937 Adscripsit
431 857 515 919 hiber
525 860 632 936 Satyris
646 859 805 939 Faunisque
817 871 926 940 poetas,

223 947 254 1006 5.
262 943 333 1003 Vina
348 943 410 1003 lere
422 942 519 1004 dulces
532 943 668 1004 oluerunt
675 963 756 1004 mane
769 943 917 1006 Camenae.

263 1025 402 1088 Laudibus
413 1029 537 1104 arguitur
546 1029 603 1088 vini
614 1029 730 1088 vinosus
742 1027 893 1098 llomerus;

263 1103 388 1171 Ennius'
380 1125 443 1188 ipse
456 1114 534 1188 pater
544 1129 682 1189 nunqnam
694 1113 748 1171 nisi
759 1122 843 1190 potus
853 1112 889 1172 ad
899 1125 973 1173 arma

263 1194 396 1254 Prosiluit
412 1193 539 1254 dicenda.
561 1193 689 1271 ‚norun
700 1196 852 1275 putealque
861 1195 975 1256 Libonis

264 1277 460 1353 lll'andabo
437 1280 538 1354 succis,
549 1277 667 1339 adimam
680 1288 790 1340 cantare
802 1284 926 1340 severis:
921 1284 951 1316 ·“

204 1364 244 1424 10
264 1323 328 1424 llot
338 1359 420 1422 simul
434 1361 524 1452 edixi,
538 1377 595 1422 non
607 1379 763 1422 cessavere
771 1373 873 1440 poetae
1025 1355 1029 1369 ⁸
1059 1409 1065 1440 ,

246 1443 409 1520 Noctumo
422 1437 531 1504 ce'rtare
542 1462 622 1508 mero
627 1455 754 1523 ,putere
767 1446 875 1506 diurno.

265 1513 402 1601 Quint·
379 1547 403 1588 su
418 1530 481 1607 quis
493 1527 570 1590 vultu
580 1536 662 1590 torvo
672 1529 751 1590 ierus
764 1539 792 1590 et
803 1531 878 1608 pede
890 1530 981 1591 nudo

264 1611 451 1690 Exiguaeque
464 1621 548 1690 togae
560 1611 672 1673 simulet
681 1621 792 1674 textore
804 1613 949 1689 Catonem,

263 1696 437 1757 virtutemne
448 1704 643 1773 repraesentet
652 1712 804 1776 moresque
816 1695 950 1758 Catonis?

206 1783 243 1844 15
266 1780 353 1858 llupit
364 1777 493 1839 Iarbitam
504 1777 664 1857 Timagenis
673 1781 783 1841 aemula
794 1781 898 1860 lingua,

264 1863 338 1924 Dum
350 1860 442 1923 studet
453 1862 574 1922 urbanus
585 1863 730 1942 tenditque
742 1865 862 1924 disertus
874 1865 980 1925 haberi.

264 1947 379 2025 Decipit
391 1945 535 2024 exemplar
544 1948 620 2006 vitiis
630 1947 778 2008 imitabile:
794 1949 871 2026 quod
883 1950 906 2007 si
974 1994 977 2002 ,

264 2030 402 2091 Pallerem
414 2045 498 2107 casu,
510 2029 639 2090 biberent
651 2049 794 2109 exsangue
807 2033 952 2092 cuminum.
1019 2102 1023 2116 Ι

267 2113 290 2174 0
302 2115 472 2190 imitatores,
486 2131 598 2174 seruum
610 2131 719 2196 pecus,
732 2124 761 2175 ut
772 2117 838 2176 mihi
851 2131 937 2192 saepe

205 2201 245 2262 20
265 2197 370 2274 Bilem,
386 2214 474 2275 saepe
485 2197 579 2256 iocum
590 2200 676 2258 vestri
689 2216 804 2260 movere
814 2197 961 2259 tumultus!

265 2280 365 2341 Libera
376 2298 429 2359 per
439 2297 559 2340 uacuum·
567 2283 651 2358 posui
662 2283 784 2359 vestigia
794 2285 938 2360 princeps,

266 2363 331 2426 Non
342 2364 432 2426 aliena
442 2382 506 2424 meo
521 2366 614 2442 pressi
630 2363 713 2442 pede.
736 2365 792 2437 Qui
805 2365 858 2426 sibi
871 2365 940 2438 fidit,

265 2447 414 2526 Duxnegit
425 2463 551 2508 examen.
572 2447 670 2508 Parios
681 2465 736 2527 ego
751 2452 856 2526 primns
867 2449 976 2508 iambos

266 2531 383 2592 Ostendi
393 2529 488 2607 balio
501 2548 633 2591 numeros
643 2534 807 2610 animosque
819 2541 932 2592 secutus

204 2617 243 2678 25
265 2614 444 2690 Archilochi,
457 2631 513 2674 non
524 2633 571 2674 res
583 2623 612 2676 et
622 2617 734 2692 agentia
744 2617 831 2677 verba
843 2615 1009 2692 hpcamben.

265 2696 309 2758 lle
319 2716 358 2758 ne
372 2717 417 2758 me
428 2659 506 2759 loliis
517 2698 584 2759 ideo
597 2699 774 2760 brevioribus
785 2717 879 2798 ornes,
957 2715 959 2726 ·

266 2781 349 2857 Quod
360 2784 438 2843 timui
449 2790 555 2842 mutare
565 2780 666 2842 modos
680 2792 709 2842 et
720 2784 848 2843 ca'nninis
860 2791 963 2843 artem:

266 2865 415 2950 Temperet
423 2865 586 2927 Archilochi
600 2883 706 2926 mnsam
716 2867 791 2944 pede
802 2866 925 2926 mascula
936 2865 1064 2941 Sappho,

265 2948 415 3029 'l'emperat
427 2949 565 3025 Alcaeus,
582 2948 633 3008 sed
645 2947 731 3010 rebus
742 2960 771 3010 et
785 2949 883 3010 ordine
894 2949 998 3032 dispar,

203 3037 244 3099 30
265 3031 329 3094 Nec
340 3050 471 3094 socemm
481 3033 606 3111 quaerit,
621 3050 705 3110 quem
715 3034 845 3094 versibus
856 3032 961 3094 oblinat
973 3033 1052 3106 atris,

265 3115 327 3176 Nec
337 3135 460 3195 sponsae
470 3116 600 3195 laqueum
614 3116 724 3192 famoso
739 3119 860 3178 carmine
870 3118 988 3178 nectit

265 3198 346 3260 llunc
359 3218 432 3278 ego,
446 3215 502 3260 non
513 3199 568 3259 alio
580 3187 683 3260 dictum
695 3203 772 3280 prius
785 3216 851 3276 ore,
863 3199 975 3260 latinns

265 3283 385 3361 Vulgari
400 3283 518 3351 lidioen;
531 3284 607 3342 iuvat
617 3284 805 3344 immemorata
816 3284 954 3344 terentem
