2526 3986
138 242 239 322 [rpus.
254 247 296 304 m.
310 243 361 318 m]
408 171 416 196 Ι
542 239 686 302 ursuni

433 392 804 454 lurlsuomxm.

341 500 400 553 Al)
429 500 621 595 ulNIUM
649 500 891 558 ASELLAM.

136 621 173 683 Ut
184 622 411 701 prolieiseentem
422 620 506 682 docui
518 631 547 681 te
559 638 647 699 saepe
659 620 774 698 diuque,

135 706 264 785 Augusto
275 705 378 767 reddes
392 707 501 782 signata
512 703 667 781 volumina,
686 703 761 780 Vini,

135 791 166 849 Si
177 789 303 867 validus,
319 791 344 850 si
355 789 445 850 laetus
457 791 525 865 erit,
542 790 567 848 si
579 787 700 866 denique
712 796 824 866 postet.

134 872 179 934 Ne
190 873 282 933 studio
293 876 381 934 nostri
393 891 499 952 peuces
510 873 661 952 odiumque
672 871 776 933 libellis

135 957 256 1016 Sedulus
266 960 404 1035 importes
416 974 504 1034 opera
514 957 681 1018 vehemente
692 957 826 1017 minister.
933 989 935 994 .

135 1041 165 1100 Si
179 1050 207 1100 te
222 1042 296 1102 iorte
309 1060 390 1102 meae
401 1042 496 1119 gravis
511 1049 573 1100 uret
584 1042 693 1100 sarcina
704 1040 838 1118 chartae,

133 1125 257 1184 Abiieito
269 1127 475 1204 potiusquam,
496 1140 552 1203 quo
565 1125 693 1202 perferre
706 1124 823 1201 iuberis,

134 1207 263 1277 Clitellas
275 1209 352 1269 ierus
364 1211 518 1286 impingas,
534 1207 698 1287 Asinaeque
710 1217 855 1286 paternum

135 1290 300 1370 Cognomen
311 1302 405 1354 vertas
418 1294 543 1352 inrisum
554 1301 583 1351 et
594 1291 689 1353 fabula
703 1293 764 1352 lias.

131 1376 244 1436 Viribus
256 1378 343 1437 uteris
355 1376 521 1456 perdives,
538 1375 665 1453 flumina,
680 1375 782 1444 lamam

134 1460 233 1519 Victor
242 1463 382 1539 propositi
394 1459 476 1520 simul
487 1479 520 1520 ae
533 1463 696 1538 perveneris
708 1459 787 1538 illue,

134 1545 183 1603 Sie
196 1546 319 1622 positum
330 1544 458 1606 servabis
469 1561 558 1620 onus,
576 1563 612 1604 ne
624 1545 698 1605 lorte
709 1545 761 1606 sub
775 1542 819 1606 ala

132 1625 310 1689 llaseieulum
322 1637 420 1706 portes
431 1627 565 1688 librorum
579 1639 609 1688 ut
619 1631 740 1690 rusticus
752 1647 864 1708 agnum,

134 1707 170 1770 tu
179 1713 279 1773 vinosa
293 1712 406 1790 glomus
417 1712 537 1772 furtivae
549 1711 664 1792 Pyrrhia
676 1713 766 1788 lanae,

133 1793 170 1854 Ut
182 1813 245 1854 eum
256 1794 364 1873 pileolo
380 1795 474 1856 soleas
487 1798 606 1856 conviva
616 1796 736 1859 tribulis.

133 1876 177 1938 Ne
187 1879 274 1958 vulgo
286 1897 402 1956 narres,
419 1888 449 1938 te
459 1878 607 1938 sudavisse
618 1879 735 1940 lerendu

134 1959 281 2038 Carmina,
297 1980 371 2040 quae
382 1964 492 2040 possint
504 1962 604 2022 nouos
616 1981 757 2043 auresque
768 1967 870 2025 morari

134 2042 282 2113 Caesaris3
300 2045 491 2110 oratusmulta
503 2062 604 2123 prece,
628 2049 718 2108 nitere
732 2065 828 2126 porro.
867 2053 875 2078 ⁸

132 2126 227 2203 Vade,
247 2127 330 2205 mle,
346 2146 416 2190 eave
427 2147 464 2188 ne
475 2128 579 2190 titubes
590 2131 773 2211 mandataque
783 2133 907 2211 frangas.

535 2305 685 2316 ——-.-

430 2439 793 2497 lul’lswolrnm

313 2543 377 2596 AD
413 2544 710 2600 VILLICUM
745 2545 908 2602 SUUM.

130 2667 233 2727 Villiee
244 2666 376 2728 silvarum
387 2678 417 2729 et
428 2670 494 2730 milri
509 2689 555 2728 me
566 2669 709 2730 reddentis
720 2671 816 2750 agelli,
946 2727 949 2738 .

132 2751 224 2824 Quem
236 2759 266 2812 tu
278 2751 403 2828 fastidis,
420 2753 571 2814 habitatum
583 2757 707 2832 quinque
718 2755 792 2816 locis
803 2763 832 2816 et

96 2850 101 2864 ⁴
131 2834 264 2914 Quinque
274 2836 367 2896 honus
379 2837 491 2896 solitum
502 2837 613 2897 Variam
628 2837 766 2904 dimittere
778 2849 884 2920 patres,

131 2916 298 2996 Certemus,
316 2922 411 2998 spinas
426 2923 554 2982 animone
566 2938 621 2999 ego
633 2921 733 2984 lortius
744 2941 780 2984 un
791 2931 821 2983 tu

129 3000 245 3062 livellas
256 3019 345 3081 agro,
359 3013 388 3065 et
398 3005 500 3066 melior
509 3007 546 3064 sit
560 3005 690 3086 lloratius
702 3025 736 3066 an
751 3025 808 3068 res.

129 3084 176 3145 lle
188 3087 314 3164 quamvis
325 3086 436 3149 Lamiae
447 3091 537 3168 pietas
549 3099 577 3150 et
588 3108 654 3150 eura
665 3100 796 3167 moratur,

115 3168 254 3229 llrstrem
265 3175 429 3249 maerentis,
445 3182 526 3251 rupto
539 3173 575 3234 de
589 3174 675 3234 fratre
686 3173 807 3254 dolentis
871 3193 872 3200 ¹
963 3188 966 3198 ·

128 3250 332 3326 lusolabiliter;
344 3265 437 3317 tumen
448 3258 521 3318 istun
531 3276 611 3318 mens
625 3259 790 3338 animusque

127 3335 194 3397 Fert
206 3346 235 3397 et
246 3349 319 3398 amat
329 3343 426 3418 spatiis
438 3341 574 3402 obstantia
585 3359 715 3420 rumpere
731 3343 859 3405 claustra.
