2526 3986
415 683 621 757 ououuuu
640 682 776 746 amour
847 745 850 769 ,

94 779 1071 960 EPISTOLARUM

452 976 546 1032 LIBER
565 974 749 1034 SECUNDUS.

515 1120 675 1130 ——-—...

449 1211 740 1281 lurlsuolml.

374 1331 439 1384 Ao
477 1325 813 1386 AUGUSTUM.

115 1449 200 1534 Cum
210 1473 252 1526 tot
264 1467 402 1525 sustineas
415 1473 444 1523 et
454 1473 529 1524 tanta
541 1467 655 1542 negotia
667 1465 756 1540 solus,

70 1594 73 1602 1
112 1550 172 1610 Res
183 1547 267 1610 Italas
279 1551 362 1609 armis
374 1550 489 1625 tuteris,
504 1550 629 1610 moribus
642 1564 736 1624 omes,

80 1705 91 1714 ,
112 1633 236 1712 Legibus
248 1632 397 1694 emendes:
413 1635 441 1692 in
455 1633 568 1710 publica
580 1631 727 1693 commoda
739 1648 868 1710 peccem,

113 1716 144 1777 Si
158 1717 244 1796 longo
256 1726 387 1777 sermone
399 1734 492 1775 morer
503 1724 551 1776 tua
563 1726 708 1794 tempora,
726 1714 841 1776 Caesar.

111 1799 249 1862 Romulus
261 1810 289 1860 et
300 1801 385 1859 Liber
394 1809 474 1878 pater
486 1808 515 1859 et
527 1818 589 1859 oum
601 1797 720 1859 Castore
731 1797 842 1876 Pollux,
1060 1800 1079 1864 5

112 1883 180 1945 Post
190 1885 315 1962 iugentia
325 1883 399 1943 iacta
415 1882 531 1942 deorum
546 1885 574 1941 iu
584 1883 690 1961 templa
700 1885 819 1960 recepti,

78 2024 80 2029 .
112 1969 185 2030 Dum
196 1977 285 2026 terras
297 1967 495 2044 hominumque
511 1965 606 2026 colunt
616 1985 725 2044 genus,
742 1982 843 2044 aspera
854 1965 928 2028 belle

79 2044 87 2062 “
113 2051 308 2129 componunt,
325 2065 410 2126 agros
422 2050 580 2126 assignant,
598 2051 703 2129 oppida
716 2049 850 2127 condunt,

109 2133 262 2194 Ploravero
273 2134 332 2192 suis
344 2148 400 2192 uon
410 2132 587 2210 respondere
601 2133 727 2194 favorem

113 2218 262 2297 Speratum
277 2218 395 2276 meritis.
418 2215 513 2276 Diram
526 2219 573 2294 qui
586 2217 712 2277 contudit
723 2218 837 2293 hydram
1040 2219 1080 2280 10

112 2302 244 2381 Notaque
255 2300 332 2362 fatali
344 2308 474 2379 portenta
485 2300 583 2360 labore
595 2302 719 2379 subegit,

113 2385 260 2464 comperit
274 2383 406 2445 iuvidiam
418 2401 551 2484 supremo
565 2386 619 2444 iiue
628 2384 749 2444 domari.
758 2394 772 2412 ‘

110 2469 173 2530 Urit
184 2471 257 2529 euim
269 2467 383 2546 fulgore
394 2483 462 2544 suo,
478 2471 525 2546 qui
541 2478 707 2547 praegravat
717 2476 793 2528 artes
859 2494 861 2500 ·

110 2552 186 2613 Iuira
199 2571 232 2614 se
245 2555 368 2635 positas;
385 2554 540 2612 exstinctus
552 2553 688 2612 amabitur
698 2552 782 2612 idem.

111 2636 255 2698 Praesenti
266 2637 316 2696 tibi
329 2645 451 2696 maturos
463 2635 596 2714 largimur
606 2636 741 2734 honores,

110 2706 301 2800 Iuraudasqua
315 2728 392 2779 tuum
404 2737 456 2798 per
467 2736 569 2780 nomen
580 2722 709 2798 ponimus
721 2737 794 2795 aras,

111 2801 157 2864 Nil
170 2805 305 2865 oriturum
319 2803 406 2880 alius,
425 2803 465 2863 nil
477 2812 567 2864 ortum
577 2804 634 2864 tale
646 2804 776 2865 fatentes.

89 2919 93 2924 ·
111 2885 169 2947 Sed
180 2897 244 2948 tuus
258 2889 304 2948 hic
315 2887 456 2966 populus,
473 2891 586 2967 sapiens
601 2897 629 2947 et
640 2890 730 2948 iustus
742 2889 770 2946 in
786 2902 852 2964 uno,

111 2969 151 3030 Te
161 2973 266 3032 uostris
278 2971 411 3050 ducibus,
427 2980 456 3033 te
468 2969 559 3032 Graiis
571 2970 766 3046 anteferendo,

110 3051 213 3116 Getere
223 3072 401 3136 nequaquam
412 3055 496 3116 simili
506 3057 615 3116 ratione
627 3055 770 3133 modoque

110 3135 246 3199 Aestimat
257 3146 301 3215 et,
318 3141 371 3200 uisi
384 3157 457 3219 quae
469 3142 552 3200 terris
565 3149 674 3200 semota
685 3141 801 3215 suisque

110 3219 297 3301 Temporibus
309 3224 440 3284 defuncta
450 3223 543 3300 rudet
560 3223 667 3283 fastidit
678 3232 708 3283 et
719 3221 788 3296 odit

110 3303 159 3365 Sic
168 3306 261 3366 fautor
273 3315 414 3380 veterum,
428 3316 458 3366 ut
467 3307 576 3396 tubulas
588 3323 710 3383 peccare
721 3312 848 3366 vetantes
905 3373 912 3393 l
