2526 3986
115 252 232 330 [sae]
509 249 618 310 mum
632 249 668 310 ιι.
1012 251 1071 313 195

113 404 227 463 Ducere
238 402 378 462 sollicitae
389 402 508 464 iucunda
520 402 623 462 oblivia
634 401 727 462 vitae?

113 486 137 546 0
150 486 261 565 mando
272 487 336 546 faba
346 485 523 584 Pythagorae
539 495 658 564 eognata
670 487 808 578 simulque

111 570 202 630 Unota
214 573 282 630 satis
294 572 391 648 pingui
403 579 542 648 ponentur
552 569 679 629 olosoola
691 570 784 628 lardo
775 554 802 610 d
848 583 850 588 ’

113 653 136 713 0
149 663 248 713 noctes
261 671 425 752 ooenaeqqe
436 653 534 730 deum,
551 654 672 731 quibus
664 671 727 731 ipse
740 656 851 732 meique
988 673 991 680 '
1031 660 1070 719 65

111 737 185 797 Ante
196 737 294 797 Larem
309 739 453 815 proprium
463 755 567 798 veseor
577 755 736 836 vernasque
748 754 885 815 proeaees

111 821 201 880 Paseo
215 821 309 882 libatis
321 821 454 898 dapibus!
465 820 551 880 Prout
565 821 668 899 opique
683 820 770 880 iibido
782 831 836 898 est,

112 905 206 965 Sioeat
217 905 379 984 inaequales
391 905 496 964 oulioes
508 907 626 964 conviva
637 904 747 976 solutus

111 987 255 1066 Legibus
246 990 368 1065 meanis,
383 1007 435 1048 seu
448 981 511 1066 quis
523 992 599 1066 oepit
610 990 684 1048 acria
695 986 777 1046 sortis
861 989 863 998 ’

110 1070 407 1132 Pooulaseumodiois
423 1073 656 1132 uvesoitiaetins
677 1069 756 1150 Ergo
1030 1077 1071 1137 70

86 1157 211 1239 ,Sermo
228 1157 330 1233 oritur,
346 1173 402 1216 non
418 1156 453 1215 de
464 1156 540 1216 villis
551 1157 716 1216 domibusve
727 1156 836 1233 alionis,

110 1239 188 1316 Nee,
200 1239 273 1299 maie
284 1258 376 1300 neone
391 1239 485 1318 Lepos
497 1240 595 1310 saltet;
612 1239 678 1316 sed,
695 1239 771 1318 quod
785 1243 874 1318 magis
886 1240 919 1300 ad
934 1259 987 1302 nos

110 1321 233 1383 Pertinet
245 1332 273 1383 et
283 1327 395 1384 nescire
406 1324 508 1383 maium
519 1334 578 1400 est,
593 1326 746 1402 agitamus,
763 1333 889 1385 utrumne

109 1406 221 1467 Divitiis
232 1407 360 1467 homines
371 1426 406 1467 an
417 1409 471 1466 sint
481 1410 583 1468 virtute
596 1409 686 1477 beati;

110 1489 221 1562 Quidve
233 1491 268 1550 ad
278 1493 424 1568 amicitias,
437 1511 505 1552 usus
520 1502 681 1568 neotumne,
694 1491 784 1551 trahat
793 1509 861 1560 nos;
1030 1494 1069 1554 75

107 1573 145 1633 m
160 1592 233 1653 quae
245 1578 387 1636 situatum
399 1577 465 1634 boui
477 1593 670 1654 summumque
686 1575 752 1653 quid
764 1578 835 1634 eius.

109 1655 229 1717 Cervius
242 1659 315 1718 baec
325 1661 397 1719 inter
407 1661 516 1719 vicinus
527 1661 613 1738 garrit
626 1659 715 1718 aniles

108 1740 152 1800 Ex
162 1759 195 1800 re
204 1741 333 1802 fabellas.
343 1773 345 1778 ·
356 1745 386 1802 Si
399 1745 462 1822 quis
473 1763 535 1802 nam
546 1743 639 1802 iaudat
650 1742 738 1802 Arelli

108 1824 375 1903 Sollicitasiqnarus
387 1842 477 1905 opes,
494 1829 536 1885 sie
547 1829 659 1904 incipit:
678 1825 775 1902 „Olim
851 1825 856 1833 ‘

106 1908 265 1986 „Rusticus
276 1911 408 1969 urbanum
423 1925 530 1969 murem
539 1928 600 1969 mus
614 1927 739 1987 paupere
751 1910 839 1970 iertnr
910 1974 911 1977 Ἴ
1029 1907 1069 1968 80

106 1992 292 2070 „Accepisse
305 2010 390 2069 oavo,
403 2002 529 2052 veterem
539 2003 622 2052 vetus
633 1994 739 2070 hospes
751 1997 879 2068 amioum,

105 2075 226 2154 „Asper
237 2084 265 2135 et
276 2085 396 2135 attentus
408 2079 559 2154 quaesitis,
572 2087 602 2136 ut
615 2086 708 2136 tamen
718 2086 806 2136 artum

105 2159 263 2242 „Solveret
275 2160 405 2237 hospitiis
427 2162 556 2219 animum.
587 2159 665 2233 outa
682 2158 789 2220 muita?
809 2177 901 2238 neque
913 2159 962 2218 ille

103 2245 257 2322 „Sepositi
270 2245 371 2302 oioeris
382 2261 438 2303 neo
449 2243 552 2320 longao
566 2243 663 2304 invidit
675 2262 792 2320 avenae,

104 2325 245 2404 „Aridum
259 2335 287 2385 et
298 2343 348 2386 ore
361 2327 456 2387 ferens
467 2331 577 2387 acinum
590 2344 758 2405 semesaque
770 2326 839 2385 lardi
951 2369 958 2376 -
1028 2332 1067 2391 85

103 2409 230 2488 „qusta
242 2409 334 2488 dedit,
348 2413 465 2488 cupiens
476 2413 553 2472 varia
570 2409 681 2470 fastidia
694 2425 784 2468 ooona

103 2494 251 2572 „Vincere
261 2497 401 2572 tangentis
411 2495 486 2554 male
498 2493 608 2572 singula
623 2493 706 2554 dente
719 2493 860 2571 superbo;

103 2575 200 2655 „Cum
212 2587 294 2655 pater
310 2580 374 2655 ipse
385 2577 485 2638 domus
501 2578 582 2655 palea
594 2585 742 2655 porrectus
753 2579 781 2636 in
792 2577 880 2635 homa

102 2661 216 2738 „Esset
230 2661 300 2721 ador
311 2661 483 2740 lohumque
497 2661 578 2739 dapis
589 2661 706 2720 meliora
715 2660 888 2738 relinquens

102 2744 252 2823 „Tandem
274 2744 395 2805 urbanus
417 2745 452 2805 od
479 2747 553 2805 huno
586 2744 685 2844 „Quid
707 2754 735 2804 te
760 2746 859 2802 iuvat“
883 2744 982 2853 inqqit,
1026 2745 1067 2805 90

629 2831 730 2904 amice,

101 2958 124 2989 „
133 2911 303 2990 „Praerupti
314 2914 437 2972 nemoris
450 2874 713 2991 patientem’divere
726 2907 834 2971 dorso?

100 3041 124 3074 „
135 2995 211 3072 „Vis
222 3005 251 3056 tu
263 2997 391 3056 hominos
402 2996 558 3075 urbemque
573 2997 642 3055 ieris
659 3011 838 3094 praeponere
849 2989 949 3051 silvis?

100 3077 354 3157 „„Carpeviam,
372 3079 552 3156 mihicrede,
576 3095 691 3157 eomes,
713 3079 855 3152 terrestria
871 3075 982 3154 quando

85 3223 88 3229 ,
100 3208 122 3242 ,,
132 3161 292 3240 „Mortales
304 3165 409 3224 animas
418 3166 515 3223 vivunt
526 3165 641 3239 sortita,
660 3181 753 3240 neque
765 3146 821 3221 ulla
832 3169 877 3219 est

99 3293 122 3324 „
131 3246 212 3323 „Aut
222 3263 323 3322 magno
335 3255 381 3306 aut
391 3264 479 3324 parvo
490 3246 540 3306 loti
552 3248 634 3324 iuga:
647 3263 715 3324 quo,
728 3246 812 3321 bone,
827 3245 924 3319 eirea,
953 3281 963 3303 ι
1024 3243 1063 3304 95

99 3376 121 3407 „
131 3329 229 3407 „Dum
240 3329 322 3404 lieet,
339 3330 367 3388 in
377 3331 463 3390 rebus
478 3331 606 3390 iucundis
616 3332 682 3389 vive
693 3325 857 3459 beatitaw
