2526 3986
157 193 218 262 aas
522 191 739 254 sennarum
985 153 1128 277 [salin]

178 348 218 414 46
240 348 360 428 Virgilio
372 355 527 410 annuerunt
539 346 698 426 gaudentes
709 363 775 406 rure
789 344 939 408 Camenae.

241 432 304 493 llcc
317 441 391 509 erat,
405 439 525 509 experto
537 429 639 490 trustra
649 429 776 490 Varrone
788 429 906 490 Atacino
1013 479 1015 484 ,

241 516 336 597 Atque
362 514 527 596 quibusdam
551 513 633 592 aliis,
672 513 773 574 melius
804 513 880 593 quod
910 513 1039 583 scribere
1090 577 1095 588 ,

399 637 405 648 =
747 614 873 676 possem,
1022 655 1025 660 .

241 682 392 744 inventare
405 683 507 751 minum
519 698 614 762 acque
626 695 682 760 ego
694 679 735 742 illi
747 681 895 742 detrahere
907 682 995 744 ausim
1013 739 1015 746 Α

241 766 409 828 Haerentem
421 767 507 847 capiti
519 783 582 826 curn
592 765 678 826 multa
688 764 772 825 laude
783 782 927 826 coronam.
941 799 980 810 —

179 850 221 924 to
241 852 279 911 At
289 850 345 912 dixi
361 851 449 912 liuere
463 849 536 909 hrrnc
547 848 727 926 lutulentam,
743 867 833 928 saepe
844 849 981 928 lercntem
1006 847 1027 895 '·

129 937 138 948 '
241 933 323 996 Plura
334 935 447 1014 quidem
458 932 580 994 tollenda
592 931 796 1011 relinquendis.
805 931 923 1012 -dge,
937 949 1056 1012 quaese,

241 1017 283 1078 Tu
294 1018 362 1079 nibil
374 1020 402 1078 in
412 1034 513 1096 magno
526 1017 625 1078 doctas
637 1016 824 1094 reprehendis
834 1014 980 1076 Homero?
1007 1013 1013 1027 ‘

106 1163 110 1178 ,
241 1099 287 1164 Nil
300 1105 389 1162 cornis
400 1103 499 1180 tragici
514 1109 601 1161 mutat
611 1099 735 1160 Lucilius
746 1096 837 1160 dcci?

240 1185 304 1248 Noa
315 1185 387 1246 ridet
398 1204 498 1245 versus
510 1183 581 1244 Enni
592 1186 730 1264 pravitate
741 1185 875 1262 minores,

179 1266 218 1330 bb
242 1269 312 1333 Cum
324 1269 358 1330 de
373 1288 405 1330 se
419 1269 544 1349 loquitur
554 1285 610 1328 non
623 1275 653 1328 ut
663 1270 770 1329 maiore
783 1265 949 1348 reprensisl

241 1353 315 1428 Quid
329 1362 406 1413 vetat
418 1363 446 1413 ct
456 1363 567 1414 nosmet
578 1350 667 1412 Lucili
680 1353 784 1430 scripta
796 1352 925 1431 legentes

242 1437 401 1514 Quaerere,
416 1455 480 1496 num
492 1437 583 1514 illias,
599 1455 663 1496 num
675 1453 767 1496 remam
780 1436 848 1498 dura
858 1441 967 1516 negarit

239 1519 404 1582 Versiculos
419 1530 516 1581 natura
527 1522 616 1599 magis
632 1519 723 1580 laetos
736 1528 765 1580 et
776 1529 875 1582 euntes

240 1604 370 1682 Mallius,
387 1624 420 1666 ac
432 1607 456 1664 si
469 1606 546 1683 qais,
565 1604 685 1682 pedibus
698 1604 765 1684 quid
777 1604 909 1666 claudere
922 1607 1011 1683 senis,

178 1680 219 1743 60
240 1688 302 1750 Hoc
314 1697 418 1750 tanturn
431 1696 598 1764 contentus,
612 1697 686 1749 amet
698 1689 851 1768 scripsisse
864 1687 1002 1750 ducentos

239 1773 312 1834 Ante
325 1773 418 1833 cibum
432 1789 548 1847 versus,
562 1772 678 1832 totidem
691 1781 841 1834 coenatus:
853 1771 965 1834 Etrusci

241 1856 332 1931 Quale
343 1856 395 1918 luit
408 1853 489 1918 (lassi
500 1856 600 1934 rapido
612 1856 769 1917 ferventius
781 1858 853 1918 amni
1037 1931 1040 1938 Δ

239 1939 402 2019 Ingenium,
416 1942 510 2020 capsis
526 1959 611 2020 quern
623 1939 695 2002 lama
707 1949 750 2000 est
762 1958 829 2001 esse
840 1940 976 2023 librisque

238 2025 404 2086 Ambustum
416 2026 549 2104 propriis.
577 2023 674 2086 Fuerit
685 2024 825 2102 Lucilius,
843 2026 966 2104 inquam,

176 2103 216 2168 66
239 2105 335 2170 Goaris
347 2117 376 2168 et
387 2109 523 2185 urbanus,
537 2108 620 2169 luerit
631 2108 752 2169 limatior
763 2107 848 2185 idern,

239 2192 327 2268 Quam
338 2191 415 2254 rudis
430 2201 458 2253 et
471 2190 587 2253 Graecis
599 2187 695 2253 intacti
711 2194 840 2254 carminis
856 2203 965 2270 auctor,

239 2276 388 2359 Quamque
399 2283 546 2356 poetaram
557 2279 700 2338 seniorum
712 2277 806 2347 turba;
821 2275 872 2338 sed
885 2277 943 2354 ille,

193 2361 200 2424 5
238 2361 268 2422 Si
281 2361 357 2423 iuret
371 2361 427 2422 boc
440 2369 565 2421 nostrum
580 2361 637 2421 lato
651 2360 751 2422 dilatus
762 2363 791 2422 in
803 2379 913 2437 aevum,

236 2443 388 2505 Detereret
401 2445 454 2505 sibi
466 2445 567 2521 malta,
585 2444 727 2505 recideret
741 2461 824 2506 omne
840 2445 916 2523 quod
930 2444 1000 2505 ultra

174 2528 216 2590 70
236 2526 395 2588 Perfectum
406 2527 578 2605 traheretur,
596 2537 624 2588 ct
635 2531 663 2590 in
674 2547 760 2589 versu
773 2527 903 2589 iaciendo

236 2611 331 2688 Saepe
346 2621 431 2690 caput
442 2612 588 2687 scaberet,
603 2614 686 2672 vives
698 2623 727 2672 et
738 2611 852 2673 roderet
863 2629 982 2691 ungues.

236 2694 330 2774 Saepe
342 2695 436 2756 stilum
449 2704 561 2773 vertas,
574 2697 673 2775 iterum
685 2714 758 2776 quae
771 2695 854 2774 digna
865 2696 923 2774 legi
936 2699 1001 2770 sint,

237 2779 415 2859 Scripturas,
431 2797 524 2860 neque
535 2824 543 2856 ,
556 2787 584 2838 te
597 2788 627 2839 ut
638 2782 754 2840 miretur
765 2780 860 2856 turba,
877 2779 1004 2859 labores,

237 2859 391 2924 Contentus
403 2865 501 2941 paucis
512 2860 677 2923 lectoribus.
701 2862 744 2925 An
758 2872 806 2924 tua
818 2862 934 2923 demens

172 2943 212 3006 76
234 2945 345 3007 Vilibus
359 2945 472 3008 inludis
488 2947 585 3008 dictari
600 2949 722 3009 carmina
732 2943 832 3009 malisl

236 3027 383 3108 lisnega:
398 3048 461 3091 nam
476 3032 554 3092 actia
574 3039 618 3092 cet
636 3033 764 3110 equitem
777 3032 850 3174 mipld
867 3029 1031 3110 plaudere,

341 3147 344 3154 ·
739 3124 769 3176 ut
785 3133 820 3178 au

237 3193 392 3257 Contende
404 3197 477 3273 altis,
491 3196 610 3276 explosa
621 3197 779 3261 Arbuscula
792 3133 887 3260 ὤιξε,

233 3277 308 3354 blen’
319 3289 432 3339 moveat
444 3282 536 3341 cimex
546 3280 696 3360 Pantilius,
709 3293 755 3344 aut
767 3285 876 3344 cruciet
888 3280 965 3362 quod
