2556 3988
139 253 238 330 [nun
253 254 291 330 2]
543 247 652 310 nmen
672 250 709 312 u.
1035 249 1100 312 me

458 417 802 494 mnnsmonnn„

317 525 913 583 nnnunnnmunonnm.

137 647 240 725 Flore,
261 648 337 708 bono
350 647 484 724 clareque
495 645 586 706 tidelis
597 648 685 705 umiee
697 645 813 724 Neroni,

138 732 168 791 Si
180 733 244 810 quie
254 730 329 790 iente
339 729 409 790 velit
423 747 541 809 puerum
550 730 601 789 tibi
611 729 737 789 vendere
747 739 851 790 netum*

137 813 240 876 Tibure
251 814 297 873 vel
309 812 423 890 Gabiis,
440 822 470 872 et
481 814 629 872 teenmnie
640 824 704 892 egat
717 835 768 873 --:
788 813 878 892 „llie‚
894 824 924 876 et

137 897 304 976 „Candidus
312 907 342 957 et
354 897 426 958 talos
439 899 572 956 avertice
583 896 702 976 pulcher
714 896 842 976 adimes,

136 981 222 1059 „Fiet
234 985 342 1060 eritque
353 989 418 1041 tuns
429 997 600 1042 nummorum
611 978 733 1040 millibus
743 989 822 1058 oete,
942 989 943 992 ’
1064 987 1095 1046 v5

137 1065 252 1145 „Vemu
262 1067 425 1125 ministeriis
435 1061 471 1124 nd
481 1063 657 1143 nume'aptus
667 1065 782 1142 heriles,

21 1158 27 1163 ’
135 1148 289 1226 „literulis
302 1147 418 1208 Graecis
429 1149 565 1224 imbutus,
582 1148 762 1210 idoneusurti

136 1232 298 1310 „Cuilibett
318 1229 416 1310 argilla
431 1232 541 1310 quidvis
552 1231 706 1292 imitaberis
716 1231 780 1291 ndn.

133 1316 233 1394 „Quin
245 1319 328 1376 etiem
338 1325 420 1376 eanet
429 1315 571 1376 indoctum
583 1315 633 1374 sed
644 1313 728 1374 dulce
738 1316 853 1374 bibenti.

134 1399 245 1478 „llulte
256 1399 338 1459 iidem
355 1399 614 1477 premissulemnt,
629 1399 677 1458 nbi
690 1398 799 1476 plenius
811 1415 902 1478 aeque
1056 1403 1095 1464 10
1112 1425 1117 1430 ·

133 1482 261 1560 „hamat
271 1483 405 1559 venales,
416 1485 464 1562 qni
475 1481 535 1542 vult
546 1479 712 1558 extrudere,
727 1499 849 1542 merces.

133 1566 216 1645 „Res
227 1576 311 1645 urget
320 1585 365 1626 me
377 1566 465 1627 nulle:
478 1582 548 1628 mee
563 1585 625 1626 sum
635 1584 743 1645 pauper
751 1569 779 1626 in
796 1585 870 1627 aere.

130 1649 247 1728 „Nemo
259 1652 314 1711 hoe
324 1668 491 1729 mangonum
500 1651 610 1712 feceret
620 1652 686 1720 tibi;
700 1667 756 1711 non
766 1660 873 1710 temere
884 1669 900 1710 a
911 1668 957 1711 me

132 1733 911 1879 ’‘ilidii{luniimlltitliliitl
1054 1819 1090 1882 1⁵

128 1863 191 1962 lles
200 1919 346 1977 nummus,
366 1910 487 1978 exceptu
498 1835 565 1960 111111
578 1910 607 1960 te
620 1902 644 1959 ni
655 1901 721 1979 lugu
736 1901 835 1961 laedit:
899 1863 909 1896 ’

128 1984 186 2045 Ille
198 1985 269 2044 ferat
280 1986 399 2062 pretinm
412 1999 522 2062 poenae
534 2001 652 2044 seenms
664 1987 774 2062 opinor.

129 2062 256 2128 Prudens
265 2069 357 2127 emisti
369 2069 519 2144 vitiosum,
538 2067 612 2128 dieta
624 2069 674 2128 tibi
688 2078 732 2128 est
743 2067 805 2128 lex:

128 2151 294 2229 Insequenis
305 2159 397 2211 tamen
408 2153 482 2210 hune
496 2159 525 2210 et
536 2151 585 2212 lite
597 2155 714 2211 momnis
725 2149 839 2231 iniqua?

129 2233 195 2296 Dixi
210 2254 254 2295 me
266 2237 376 2314 pigrum
388 2234 578 2312 prolieiseenti
589 2236 655 2311 tibi,
671 2236 726 2295 dixi
1050 2239 1089 2298 20
1143 2279 1147 2284 -

66 2401 67 2404 Ἴ
129 2319 243 2380 'lulibns
255 2317 358 2378 ollieiis
366 2335 460 2398 prope
475 2337 616 2395 maneum,
631 2337 668 2378 ne
683 2337 744 2378 meu
758 2337 859 2378 suevus

128 2401 260 2480 lurgmes
272 2402 306 2462 ed
317 2412 346 2461 te
358 2403 434 2481 qnod
445 2402 567 2480 epistola
580 2401 654 2465 nulla
665 2402 778 2462 rediret.

130 2485 204 2560 Quid
216 2495 273 2546 tum
284 2487 411 2563 proieci,
427 2503 538 2546 meeum
548 2487 680 2546 facientia
691 2488 749 2545 ime

127 2570 159 2630 Si
170 2578 262 2630 temen
274 2568 413 2630 attentus?
437 2568 571 2642 Quereris
583 2587 670 2647 super
680 2569 734 2628 hoe
747 2572 843 2648 etiem,
863 2569 939 2650 qnod

120 2653 298 2732 -Exepeetutn
310 2654 359 2713 tihi
371 2671 427 2714 nnn
441 2655 545 2714 mittem
561 2655 681 2714 earmina
692 2653 818 2713 mendax.

126 2736 234 2798 Luculli
249 2736 331 2798 mileu
347 2735 467 2797 eolleetn
476 2740 577 2798 viatim
588 2736 681 2796 multis

126 2820 290 2898 demmin,
306 2821 399 2881 lassus
411 2821 475 2881 dum
487 2831 572 2881 neetn
584 2824 691 2897 stertit,
707 2821 742 2881 ad
754 2839 848 2881 amem

126 2904 303 2966 Perdiderat:
317 2915 385 2982 poet
396 2906 452 2965 hoe
463 2906 616 2966 vehemens
627 2904 711 2982 lupus
726 2915 754 2966 et
764 2905 817 2966 eibi
830 2913 858 2966 et
867 2905 943 2967 nmn

126 2988 346 3067 lramspmiter,
363 2991 464 3049 ieiunis
474 2988 693 3064 dentibusneer,
781 3033 784 3038 -

125 3071 297 3133 Praesidium
308 3073 407 3152 reple
418 3071 615 3148 loeodeieeit‚
632 3082 662 3132 ut
672 3074 757 3148 aiunt,

126 3157 240 3216 Summe
253 3157 358 3216 munito
370 3167 399 3217 et
408 3157 554 3216 multarum
565 3155 652 3216 divite
665 3173 767 3216 nerum.

127 3238 226 3300 Olenus
238 3237 275 3300 nb
288 3239 316 3298 id
331 3241 451 3317 lectum,
466 3239 546 3300 donis
558 3249 671 3301 ornetur
680 3240 819 3315 honestis,

125 3322 238 3401 Accipit
250 3331 278 3382 et
284 3323 332 3382 'uie
345 3324 415 3385 dene
427 3341 513 3402 snper
523 3325 652 3404 sestertia
662 3342 809 3384 nummum.
826 3402 882 3458 16*
