2526 3986
103 201 176 275 [Set.
189 195 226 276 2.]
290 253 293 260 ,
515 196 624 258 LIBER
639 196 668 259 I.,
702 234 710 240 -
1006 195 1066 260 141

190 346 291 427 Frigus
303 367 359 428 quo
372 348 524 426 duramque
535 348 636 408 lamem
649 347 812 428 propellere
823 351 925 426 possit.

191 432 271 492 Hunc
283 435 307 492 si
319 433 511 512 perconteris,
524 433 568 490 avi
584 450 633 490 our
643 441 727 510 atque
743 435 866 510 parentis

191 515 364 576 Praeclaram
378 519 484 593 ingrata
497 516 614 592 stringat
625 515 713 574 malus
723 516 848 593 ingluvie
859 535 928 594 rem,

193 598 291 660 Omnia
301 600 447 659 conductis
460 605 594 669 coemens
606 599 724 674 obsonia
735 603 868 672 nummis;
1066 649 1074 654 .

193 682 328 743 Sordidus
340 692 425 761 atque
440 684 522 742 animi
535 681 615 760 quod
625 684 705 760 parvi
715 683 784 742 nolit
797 684 904 760 haberi,
1028 685 1067 746 10
1097 745 1098 748 ,

156 797 157 800 ¹
192 767 368 844 Respondet.
388 765 525 826 Laudatur
537 766 638 844 abhis,
656 764 904 842 culpaturabillis.

192 849 318 911 Fufidius
327 868 438 928 vappae
450 850 549 909 lamam
559 851 638 914 timet
652 867 686 909 ao
696 848 855 926 nebulonis,

192 933 281 994 Dives
296 937 382 1012 agris,
399 934 479 993 dives
490 935 591 1012 positis
602 935 630 992 in
643 933 761 1001 foenore
772 936 903 995 nummis:

194 1017 300 1091 Quinas
313 1017 361 1078 hic
373 1021 458 1096 capiti
475 1016 623 1077 mercedes
638 1024 772 1092 exsecat,
786 1027 872 1096 atque
1149 1086 1151 1090 .

194 1100 304 1174 Quanto
319 1101 456 1181 perditior
467 1103 587 1180 quisque
598 1108 659 1177 est,
675 1109 751 1160 tanto
763 1103 854 1160 aerius
870 1110 966 1178 orgen
1027 1102 1066 1163 15

192 1183 311 1247 Nomina
326 1193 449 1246 sectatur
463 1183 547 1244 modo
559 1193 648 1246 sumta
657 1193 739 1244 veste
751 1184 824 1244 virili

194 1268 253 1328 Sub
266 1269 391 1346 patribus
404 1268 479 1348 duris
492 1271 623 1329 tironum.
644 1267 813 1346 ,‚llaxime“
828 1269 891 1347 quis
903 1285 971 1341 non,

194 1351 384 1430 „luppiteri“
404 1353 555 1429 exclamat,
574 1352 753 1430 simulatque
773 1349 898 1413 audivit?
918 1351 986 1422 §At

792 1456 821 1496 m
836 1454 869 1495 se

104 1545 109 1557 ·
194 1519 248 1579 Pro
260 1530 378 1598 quaestu
390 1529 508 1580 sumtum
519 1519 586 1580 lacit
598 1520 653 1582 hio.
672 1519 752 1590 §Vix
763 1519 881 1580 eredere
892 1520 997 1597 possis,
1062 1551 1063 1560 κ

195 1603 284 1677 Quam
299 1605 420 1666 sibinen
435 1606 471 1664 sit
481 1605 602 1681 amicus,
615 1607 653 1673 ita
664 1613 694 1663 ut
706 1613 786 1682 pater
796 1605 860 1680 ille,
873 1602 986 1664 Terenti
1029 1605 1069 1666 20

193 1685 298 1748 Fabula
311 1705 393 1766 quem
407 1690 539 1748 miserum
553 1697 638 1766 gnato
650 1690 758 1748 vixisse
770 1687 866 1766 fugato
917 1736 920 1742 .
940 1741 945 1754 ,

193 1769 318 1848 lnduoit,
334 1789 390 1832 non
405 1791 438 1832 se
450 1773 531 1850 peius
550 1765 716 1832 cruciaverit
727 1779 811 1850 atque
822 1771 879 1832 hic.

196 1853 226 1913 Si
238 1857 301 1933 quis
312 1874 385 1916 nunc
397 1863 512 1933 quaerat
536 1854 625 1932 „Quo
644 1874 691 1922 res
707 1855 779 1916 haec
800 1852 984 1934 pertinctl“:

788 1939 868 1999 illoc:

193 2019 275 2082 Dum
286 2023 383 2082 niteat
392 2023 475 2084 stulti
484 2023 569 2098 citio,
583 2022 616 2082 in
629 2024 785 2083 contrariu
796 2028 932 2083 currunt.

195 2103 327 2164 lllaltinus
342 2105 444 2164 tunicis
458 2102 586 2164 demissis
598 2103 731 2173 ambulen
746 2108 847 2184 estqui
1030 2105 1068 2166 25

196 2186 304 2265 Inguen
320 2188 356 2248 ad
371 2188 544 2247 obscoenum
555 2187 699 2247 subductis
714 2207 805 2267 usque
816 2188 943 2256 facetus:

195 2269 327 2334 Pastillos
340 2271 459 2331 Rufillus
472 2270 544 2348 olet,
559 2269 716 2348 Gorgonius
727 2273 843 2331 hircum.

196 2353 243 2415 Nil
254 2355 376 2415 medinm
387 2364 439 2415 est.
464 2355 533 2414 Sunt
544 2356 591 2432 qui
606 2353 694 2414 nolint
704 2357 832 2432 tetigisse
845 2357 899 2414 nisi
913 2353 984 2432 illas,

198 2437 324 2511 Quarum
332 2440 449 2498 subsuta
464 2438 535 2498 talos
546 2445 624 2514 tegat
634 2439 728 2498 instita
736 2448 834 2508 veste;
993 2441 995 2444 ’

199 2519 301 2583 Contra
312 2523 383 2583 alius
393 2521 496 2582 nullam
506 2523 560 2582 nisi
572 2521 658 2581 olenti
670 2523 698 2581 in
712 2521 819 2582 iomioe
832 2531 959 2582 stantem.
1029 2525 1070 2585 30

199 2604 317 2678 Quidam
327 2616 411 2667 notus
424 2606 508 2666 homo
521 2624 584 2664 cum
599 2607 689 2664 exiret
700 2606 824 2682 fornice,
837 2605 953 2682 „lilaete

115 2724 117 2730 ·
198 2689 329 2766 „Virtute
342 2693 430 2750 estoi‘
442 2692 530 2768 inquit
544 2691 681 2750 sententia
692 2688 737 2749 dia
748 2687 878 2750 Catonis:

197 2773 292 2850 „Nam
304 2773 431 2835 simulac
444 2792 530 2834 venas
545 2772 650 2834 inflavit
660 2781 730 2834 tetra
741 2772 839 2849 libido,

199 2855 283 2933 „lluo
294 2861 411 2918 iuvenes
424 2875 544 2935 aequum
558 2867 602 2917 est
613 2857 797 2934 descendere,
814 2875 870 2917 non
882 2856 986 2918 alienas

198 2939 382 3017 „Permolere
393 2944 532 3002 uxores.“
545 2975 583 2986 -
595 2939 714 3018 „Nolim
726 2939 887 3002 laudarier“
898 2943 988 3020 inquit
1028 2942 1067 3006 35

197 3023 269 3100 „Sic
280 3029 349 3085 nre“
360 3027 473 3086 mirator
484 3027 566 3085 cunni
579 3023 750 3102 Cupiennius
763 3024 829 3085 albi.

196 3107 300 3168 Audire
313 3119 357 3170 est
371 3127 478 3188 operae
489 3111 642 3188 praetium,
659 3108 817 3186 procedere
828 3117 906 3169 reete

197 3190 252 3264 Qui
264 3193 399 3254 moechos
409 3210 467 3253 non
477 3191 572 3270 vultis,
591 3200 620 3251 ut
632 3193 705 3251 omni
721 3201 798 3269 parte
809 3183 947 3271 laborent,

195 3274 289 3354 thue
304 3276 360 3337 illis
373 3275 460 3338 multo
473 3284 603 3353 corrupta
614 3274 714 3334 dolore
727 3270 867 3355 voluptas,
