2556 3990
204 212 290 270 xxm
501 207 549 255 nu
570 175 658 256 vrrt‘
676 206 720 252 er
742 203 894 253 scaceras

206 371 298 445 quivis
317 385 401 441 eques
424 375 506 440 atque
524 373 638 424 senator
658 366 752 422 Semet
771 362 941 438 prognatos'
968 361 1041 439 (Sat.
1059 365 1137 435 1,o‚
1158 371 1197 425 76

206 451 310 528 seqq).
355 452 396 508 ibi
421 458 500 526 pater
522 450 678 523 ³optimus'
704 455 780 506 tanta
805 449 928 520 impensa
958 463 1028 519 qnae
1052 449 1087 505 ad
1107 450 1196 505 tilium

206 538 385 594 erudiendum
399 537 572 608 pertinerent
587 535 677 591 omnia
693 532 898 605 suppeditavit,
919 538 950 586 ut
965 533 1195 588 vestimentorum

206 622 382 695 splendorem
397 635 594 690 servorumque
610 617 767 674 comitatum
783 613 828 690 (ιιι
843 631 906 670 esse
921 616 1030 672 solebat
1045 617 1073 672 in
1090 633 1194 686 magno

205 707 326 778 populo,
351 705 398 760 ubi
419 719 568 776 puerorum
589 702 721 757 nobilium
741 717 774 765 ae
796 699 910 755 divitem
932 706 1026 756 vestes
1048 699 1194 772 pretiosae

206 789 336 860 servique
348 792 496 858 sequentes
508 779 776 858 conspiciebantur),
789 782 830 839 ³si
843 783 904 854 quis
916 781 1044 854 vidisset,
1061 784 1135 840 avita
1150 784 1194 839 Ex

206 891 237 930 re
249 871 379 944 praeberi
396 867 516 926 sumtus'
531 885 618 942 puero
631 867 776 923 ‘crederet
792 866 874 922 illos’
891 862 999 939 (Sati,
1014 873 1041 937 6,
1053 863 1192 940 78—80)

205 956 242 1012 At
257 962 353 1028 pater,
370 957 452 1011 homo
467 953 558 1024 frugi,
574 950 628 1008 ab
620 951 694 1012 anani
711 949 850 1020 gloriolae
865 950 983 1020 aucupio
996 951 1046 1007 οι
1033 968 1136 1019 insana
1149 952 1193 1007 di-

205 1041 292 1096 vitum
309 1055 342 1094 ac
357 1039 543 1111 potentiorum
566 1035 749 1092 aemulatione
766 1025 968 1102 alienissimus,
996 1035 1042 1104 qui
1060 1035 1089 1090 id
1109 1052 1192 1090 unum

207 1125 281 1195 egit,
303 1129 332 1178 ut
353 1121 499 1185 ³traditum
514 1123 548 1176 ab
569 1118 689 1190 antiquis
712 1135 815 1175 morem
837 1118 980 1173 servaret'
1003 1135 1090 1190 puero
1115 1119 1193 1174 eius-

207 1224 260 1280 que
289 1206 391 1262 v³itam
413 1207 565 1299 famamque
587 1209 711 1258 tueretur
734 1189 916 1258 incolumem'
935 1198 1011 1275 (Sat.
1035 1202 1064 1271 1,
1082 1207 1117 1272 4,
1140 1205 1192 1260 117

204 1286 312 1363 seqq,)
328 1306 399 1359 non,
414 1296 444 1344 nt
458 1288 543 1344 moris
559 1292 629 1355 erat,
646 1286 736 1342 servis
752 1285 860 1341 levibus
879 1291 908 1339 et
924 1242 1101 1380 corrupteiae
1117 1286 1190 1363 omni

163 1383 166 1391 “
203 1374 336 1430 obnoxiis
357 1331 407 1428 tilii
429 1389 522 1428 curam
542 1359 694 1438 commisit,
717 1368 797 1424 sed³
807 1366 886 1441 ipse'
909 1369 935 1424 ei
959 1369 1103 1426 ³custos
1095 1386 1191 1425 incor-

201 1458 381 1530 ruptissimus
397 1473 491 1512 omnes
504 1455 612 1510 Circum
627 1454 758 1508 docteres
774 1450 885 1508 aderat'
902 1448 975 1526 (Sat.
989 1453 1018 1522 Ι,
1035 1458 1067 1522 6,
1085 1457 1127 1511 81.
1140 1449 1191 1526 82)

207 1555 322 1613 eumque
339 1539 485 1610 ³pndicum
495 1565 539 1579 -
548 1537 671 1592 servavit
682 1537 715 1594 ab
732 1553 803 1592 omm
797 1535 873 1592 'Non
885 1537 973 1592 solum
990 1538 1080 1607 iacto,
1094 1555 1191 1593 verum

207 1621 361 1694 opprobrio
378 1637 486 1692 queque
502 1621 592 1692 turpi,
614 1619 671 1674 Nec
685 1619 790 1688 timuit,
812 1619 866 1675 sibi
884 1636 918 1674 ne
935 1621 1004 1676 vitio
1020 1621 1081 1691 quis
1097 1627 1192 1676 verte-

207 1710 267 1774 ret,
282 1705 348 1760 olim
364 1703 395 1758 Si
409 1710 512 1776 praeco
528 1720 628 1775 parvas
646 1709 706 1772 aut,
722 1709 753 1758 ιιι
764 1703 903 1775 fuitipse,
918 1710 1033 1760 coactor
1046 1705 1191 1760 biereedes

208 1787 399 1860 sequeretur-i.
436 1787 664 1859 Praeceptornm,
683 1787 782 1856 quibus
797 1785 926 1842 Horatius
941 1787 1124 1843 Romaensus
1138 1795 1191 1858 est,

207 1887 289 1926 unum
301 1871 362 1942 ipse
374 1876 567 1927 commemorat
578 1870 664 1942 Epist.
677 1870 712 1938 ΙΙ,
730 1877 755 1939 l,
766 1874 799 1928 69
809 1885 888 1941 seqq.
908 1867 1080 1926 ³0rbitiam'
1097 1872 1191 1944 Pupil-

207 1955 278 2022 lum,
295 1954 529 2023 beneventanum,
547 1953 683 2010 bominem
699 1950 898 2025 ³plagosum',
918 1955 969 2010 sed
984 1956 1192 2024 grammaticum

208 2039 276 2094 satis
293 2038 402 2092 doctum
417 2034 468 2111 (de
484 2054 539 2108 quo
552 2039 632 2110 plura
646 2043 740 2092 narrat
754 2036 904 2092 Suetonius
918 2038 946 2092 in
962 2038 1049 2094 libro:
1078 2039 1113 2094 de
1128 2039 1191 2094 ΙΙΙιι-

122 2133 126 2144 “
208 2121 311 2177 stribus
328 2120 512 2192 grammaticis
529 2139 588 2192 cap.
604 2117 653 2193 9),
672 2121 718 2192 qui
732 2120 802 2176 Livii
816 2120 969 2177 Andronici
988 2122 1107 2177 carmina
1123 2139 1191 2194 pue-

185 2205 247 2260 ris
264 2205 369 2260 dictare
384 2204 484 2260 solitus
505 2211 572 2260 eret.
615 2205 681 2259 Tum
705 2205 786 2260 etiam
807 2205 969 2274 Homerum,
991 2222 1071 2276 quem
1092 2222 1192 2276 magno

208 2304 301 2344 amore
322 2287 465 2359 ampiexus
487 2294 621 2358 tamquam
642 2305 771 2343 summum
792 2289 879 2343 omnis
898 2289 1052 2360 sapientiae
1075 2295 1103 2343 et
1126 2306 1192 2361 pru-

209 2371 319 2427 dentiae
334 2377 544 2448 praeceptorem
559 2370 730 2442 suspiciebat
741 2368 843 2445 (Epist.
858 2373 880 2440 l,
892 2378 920 2441 2,
935 2380 949 2430 l
964 2368 1070 2445 seqq),
1086 2389 1192 2442 cogne-

208 2455 264 2523 vit,
280 2459 310 2507 ιιι
324 2455 385 2525 ipse
400 2454 554 2524 significat,
575 2471 637 2509 cum
650 2461 744 2510 namet
759 2455 846 2526 Epist.
865 2454 905 2524 ΙΙ,
922 2462 953 2525 1,
969 2459 1002 2514 41
1020 2462 1048 2510 et
1064 2459 1114 2525 42,
1139 2455 1192 2511 lia-

208 2552 268 2591 mae
285 2537 382 2592 nutriri
398 2538 452 2593 sibi
474 2539 626 2609 contigisse
644 2543 727 2609 atque
743 2538 855 2607 doceri,
874 2536 979 2594 ³1ratus
996 2538 1086 2595 Graiis
1105 2557 1192 2610 quan-

209 2626 264 2674 tum
284 2622 427 2676 nocuisset
447 2619 600 2676 Acbitles'.
644 2620 757 2676 Praeter
777 2623 981 2692 grammaticam
1001 2623 1106 2679 ceteris
1123 2639 1193 2693 quo-

209 2718 262 2774 que
284 2705 406 2774 artibus,
437 2705 536 2800 quibus
564 2721 598 2760 ee
622 2709 747 2775 tempore
773 2705 901 2760 inventus
924 2704 1042 2762 Romana
1070 2697 1193 2762 nobilior

208 2785 419 2858 instituebatur,
431 2789 578 2867 imprimis
601 2787 653 2843 arti
680 2788 821 2843 oratoriae
848 2805 979 2860 operam
988 2789 1100 2845 dedisse
1123 2806 1192 2845 vero

207 2868 299 2924 simite
325 2877 376 2925 est
421 2870 651 2936 Quemadmodum
675 2877 764 2927 autem
786 2887 880 2928 omnes
898 2873 1010 2929 Romani
1033 2873 1144 2928 nobiles
1166 2879 1193 2927 et

208 2953 321 3047 ingenui
336 2954 414 3008 bisce
431 2956 535 3011 scholis
549 2970 645 3028 parum
660 2956 781 3011 contenti
797 2957 856 3012 ad
849 2971 926 3028 ipsos
940 2956 1084 3012 literarum
1099 2957 1193 3012 fontes

208 3036 237 3091 in
253 3034 395 3093 Graeciam
409 3038 578 3095 descendere
594 3039 735 3109 sotebant,
752 3056 794 3094 sic
809 3040 890 3095 etiam
906 3039 1035 3096 Horatius
1043 3047 1134 3111 toga
1149 3057 1193 3094 vr

209 3119 256 3175 rili
271 3119 401 3190 sumta,
392 3137 468 3191 ipsas
482 3120 606 3179 Athenas
628 3140 659 3178 se
682 3123 812 3192 contulit,
837 3140 907 3198 quae
928 3122 1076 3180 ³adiecere
1098 3123 1192 3194 paulic

208 3203 271 3274 pius
298 3205 383 3273 artis,
415 3203 531 3261 Scilicet
557 3205 603 3262 ut’
631 3212 727 3278 posset
752 3205 854 3262 ³cnrvo
880 3207 1048 3277 dignoscere
1076 3214 1192 3276 rectum,

208 3285 300 3356 Atque
328 3288 400 3343 inter
419 3289 504 3344 siivas
525 3289 657 3346 Academi
687 3306 822 3360 quaerere
847 3291 959 3347 verum'
982 3289 1084 3366 (Epist.
1107 3291 1144 3360 ll,
1165 3295 1192 3359 Ι,

208 3367 344 3444 cte-45).
364 3388 367 3397 ·
390 3371 475 3436 Quam
490 3371 626 3429 Musarum
647 3373 740 3428 sedem
763 3389 817 3445 qne
838 3390 909 3430 anno
931 3375 1032 3432 adierit
1049 3375 1193 3446 Horatius,
