2556 3988
180 205 243 272 une
542 203 802 268 umeromnun
990 211 1095 286 [enne.
1110 217 1141 272 c.
1142 227 1154 294 j

265 357 578 438 Qucdeitccnrcripti,
593 357 917 437 quodiudicicciiicium
924 377 1029 449 ,quac

85 430 87 456 ¹
180 445 241 508 815
264 440 381 502 Partes
373 461 403 510 ιιι
411 439 515 502 bellum
525 443 603 502 misci
616 440 711 502 ducir:
728 441 777 504 dle
788 443 919 522 proiectu

45 615 111 714 e<

264 525 395 588 Reddere
408 527 944 605 pemcneeecitconrenicutiacuique.
974 510 1010 585 d«

264 609 423 689 Respicere
435 608 580 688 exemplar
587 609 663 670 ntae
677 626 841 690 memmque
852 610 956 670 iubebo

262 693 385 756 Doctum
396 695 579 768 imitatorem,
595 699 624 752 et
633 695 714 754 virne
725 694 791 754 irinc
802 693 908 774 ducere
919 711 1020 756 voees.

262 776 403 840 interdum
415 779 548 856 cpeciusa
559 776 632 837 lucie
643 786 805 858 morataque
815 787 896 838 recte

180 863 243 928 820
263 861 383 940 Fabula,
400 859 642 938 nulliusvenerie,
660 859 860 940 einepundere
871 870 981 940 eturte,

260 944 376 1008 valdius
388 945 512 1018 oblectet
527 942 662 1023 popuinm
672 943 830 1026 meliusque
841 955 972 1023 moratur,

262 1029 352 1105 Quum
363 1047 463 1090 verens
474 1030 576 1107 irrepet
586 1047 679 1088 rerum
690 1046 840 1108 nugaeque
853 1045 983 1091 canorae.

153 1125 159 1132 ‘
262 1112 354 1174 Graiis
369 1115 528 1191 ingenium,
546 1109 637 1172 Graiis
651 1111 728 1172 dedit
740 1129 791 1172 ore
802 1112 921 1174 rotundo
996 1167 1003 1184 Ι

261 1195 342 1258 Mum
353 1196 449 1276 loqui,
468 1204 581 1274 praeter
592 1194 703 1256 leudem
714 1195 816 1258 nulline
828 1198 928 1258 avaria.

178 1283 239 1348 325
261 1280 379 1342 Romani
391 1282 471 1360 pueri
482 1279 577 1358 longis
584 1279 739 1340 rationibus
750 1298 843 1340 nucem

260 1363 380 1426 Discunt
390 1366 419 1425 in
430 1373 525 1442 partes
538 1371 649 1422 centum
660 1362 804 1424 diducere·
827 1369 847 1436 8
860 1361 968 1440 ‚sidicat

260 1447 373 1526 „Filius
383 1447 492 1510 meunt:
508 1445 587 1506 Side
602 1449 761 1526 quincunce
775 1457 882 1508 remota
894 1455 938 1508 eut

261 1527 1149 1612 „Uncinquidcupernti“§Petemedixiecmtaienr.5„Eu!

259 1613 356 1693 „Rem
372 1617 479 1694 poteris
491 1631 606 1676 servare
617 1623 702 1674 tuam.
724 1613 809 1676 Redit
821 1618 920 1692 uneia,
934 1617 1001 1696 qnid
1012 1614 1090 1678 fit?“

177 1703 240 1766 380
261 1699 398 1772 quentis.
422 1697 500 1774 tiit,
513 1697 586 1759 haee
597 1701 706 1760 animos
718 1717 826 1778 aerugo
839 1711 868 1762 et
881 1720 948 1763 curn
960 1703 1056 1780 pecudi

261 1781 332 1846 Cum
343 1782 431 1844 semel
442 1782 589 1858 imbuerit,
608 1797 753 1862 speramns
765 1785 886 1845 carmina
901 1785 967 1862 fingi

261 1867 351 1928 Posse
362 1865 475 1928 linenda·
485 1865 571 1926 cedro
585 1873 613 1926 et
626 1865 682 1926 levi
694 1865 833 1928 servanda
845 1865 1002 1946 cupressu?

80 1994 89 2012 .
156 1965 183 2008 ι’
212 2008 215 2022 ,
303 1949 633 2030 dutprodeenevolunt,
649 1948 978 2029 uutdeiectarepodtae,

259 2035 316 2096 Aut
329 2034 411 2096 rimnl
424 2043 453 2094 et
466 2033 586 2094 ineunda
600 2041 628 2094 et
639 2033 740 2094 idoirea
753 2033 849 2096 dicere
860 2037 944 2096 vitre.

175 2119 237 2184 885
262 2117 404 2198 Quidquid
417 2119 594 2197 praecipies,
610 2117 799 2196 entremenis,
819 2126 848 2178 ut
859 2120 916 2179 cito
928 2118 1002 2180 dicte

258 2200 417 2282 Percipient
428 2203 510 2263 animi
527 2200 637 2261 dociles
649 2209 819 2281 teneantque
831 2201 944 2264 fideles:

259 2285 347 2348 Omne
360 2301 566 2365 supervacuum
577 2283 663 2364 pleno
674 2284 709 2344 de
722 2295 842 2363 pectore
854 2296 954 2349 manat.

165 2359 179 2378 ‘
257 2368 337 2432 Ficta
347 2370 501 2447 voluptatis
516 2387 601 2430 cauea
612 2371 668 2430 sint
678 2371 804 2447 proxima
819 2372 906 2446 veris,
995 2429 999 2438 Α

257 2452 319 2517 Nec
338 2453 527 2534 quodcunque
540 2453 636 2530 velet,
653 2454 818 2531 pcecnteibi
829 2453 923 2514 fabula
938 2455 1032 2531 credi,
1066 2481 1071 2494 ·

175 2537 239 2604 840
259 2535 322 2598 Neu
337 2555 457 2616 pransae
467 2537 578 2598 Lamiae
589 2539 683 2597 virum
696 2553 812 2614 puerum
826 2539 952 2598 extrahat
963 2539 1039 2600 alvo.

257 2619 407 2683 centuriae
419 2623 560 2682 seniorum
572 2623 676 2698 agitant
687 2623 814 2698 expertia
826 2621 927 2700 frugis,

257 2702 334 2766 Celei
346 2712 647 2784 praetereuntamtern
660 2711 791 2782 poemate
802 2703 957 2768 Rhamnes:

211 2800 227 2815 ‘⁶
258 2789 347 2850 Omne
359 2788 421 2850 tulit
431 2798 579 2867 punctum,
597 2789 645 2866 qui
656 2789 768 2848 miscuit
781 2787 848 2849 utile
860 2788 946 2866 dulci,

256 2872 404 2934 Lectnrem
415 2871 581 2934 delectando
594 2874 755 2950 pariterque
766 2873 916 2933 menende.

174 2959 235 3024 345
257 2955 310 3018 Hic
321 2966 411 3021 meret
421 2975 486 3018 uera
496 2956 569 3018 liber
582 2955 691 3032 Sosiis,
711 2956 758 3015 hie
770 2965 798 3016 et
808 2975 884 3018 mare
899 2960 996 3018 truneit

257 3040 293 3102 Et
304 3041 418 3119 longum
429 3050 497 3102 noto
508 3041 639 3118 scripturi
651 3048 787 3118 prorogat
796 3057 906 3102 aevum.

149 3168 152 3178 1
259 3125 328 3186 Sunt
339 3122 440 3184 delicta
451 3133 558 3200 tumen,
575 3123 677 3204 quibus
689 3124 834 3201 ignovisse
848 3125 981 3186 velimus:

143 3210 147 3218 '
257 3206 328 3269 Nam
343 3225 436 3286 neque
453 3209 558 3270 chorda
574 3225 672 3268 aunum
693 3206 799 3283 reddit,
819 3227 903 3288 quem
922 3209 979 3270 vuit
996 3227 1095 3272 manns
1113 3221 1143 3271 et

774 3311 864 3372 mene,
