2536 3986
29 119 35 128 ’
128 175 259 258 [oua]

150 435 164 466 ἱ

512 171 685 238 nitidant.

507 315 606 382 olm
621 322 729 381 vm.

370 413 416 466 ιι)
435 411 606 464 muncrum
622 410 875 469 suasoriarum.

287 499 429 560 Donarem
443 508 555 576 pateras
566 507 703 577 grataque
715 498 890 576 commodps,

289 582 457 658 Censoriae,
472 585 544 642 meis
558 601 624 642 aera
635 581 788 659 sodalibus,

286 667 428 726 Donarem
439 666 575 743 tripodas,
593 668 717 746 praemia
731 666 844 726 fortium

289 749 444 826 Graiorum,
457 766 549 828 neque
561 759 591 810 tu
607 751 733 827 pessima
741 766 885 809 munerum

286 833 403 908 Ferrcs,
415 832 500 892 divite
512 851 558 892 me
570 833 682 892 scilicet
696 835 805 907 artium,

290 916 367 991 Quas
378 925 424 976 aut
434 914 596 976 Parrhasius
608 915 723 994 protulit
733 924 780 974 aut
791 917 912 992 Scopas,

288 1001 342 1061 llic
356 1018 436 1077 saxo,
456 999 570 1078 liquidis
583 1000 632 1059 ille
644 999 789 1058 coloribus

290 1083 398 1145 Sollers
409 1101 483 1144 nunc
496 1085 638 1144 bominem
649 1100 766 1161 ponere,
779 1100 854 1141 nuno
867 1081 959 1142 deum.

191 1225 195 1238 ,
290 1166 348 1227 Sed
358 1186 415 1228 non
426 1168 497 1227 hacc
507 1169 612 1227 mihi
585 1187 639 1243 vis,
659 1187 714 1227 nec
730 1165 780 1226 tibi
792 1165 888 1224 talium

289 1251 348 1311 Res
361 1260 406 1310 cst
418 1261 465 1312 aut
480 1253 588 1312 animus
600 1250 763 1311 deliciarum
775 1267 875 1326 egens.

291 1334 402 1394 (laudes
413 1337 596 1405 carminibus;
608 1337 729 1394 carmina
745 1349 895 1411 possumus

287 1419 403 1478 Donarc
415 1428 443 1478 et
458 1421 578 1497 pretium
589 1419 686 1478 dicere
702 1419 819 1478 muneri.

287 1501 354 1562 Nou
365 1505 453 1563 incisa
465 1505 540 1564 notis
554 1517 693 1562 marmora
705 1499 837 1579 publicis,

291 1585 344 1646 Per
354 1605 427 1664 quae
439 1589 554 1665 spiritus
566 1597 595 1646 et
612 1590 669 1646 vita
683 1585 756 1644 redit
767 1585 849 1644 bonis
923 1627 937 1634 -

269 1683 273 1688 ·
290 1668 358 1729 Post
367 1679 485 1729 mortem
497 1669 626 1747 ducibus,
638 1688 695 1730 non
707 1668 816 1728 celeres
835 1667 919 1744 fugae

288 1753 482 1832 Reiectaeque
499 1763 652 1816 retrorsum
662 1751 824 1812 Hannibalis
835 1754 936 1827 minae,

191 1884 198 1890 f
238 1887 242 1901 f
290 1837 354 1897 Non
368 1837 499 1897 incendia
514 1836 690 1916 Carthaginis
705 1839 808 1914 impiae

289 1919 370 1995 Eius,
384 1922 432 1998 qui
447 1921 550 1980 domita
560 1938 662 1982 uomen
673 1921 708 1979 ab
722 1919 818 1980 Africa

289 2001 426 2062 Lucratus
436 2002 530 2080 rediit,
544 2005 645 2064 clarius
656 2003 778 2064 indicant

288 2083 409 2161 Laudes,
425 2103 507 2163 quam
519 2085 655 2148 Calabrae
667 2086 807 2146 Pierides:
830 2103 934 2163 neque,

290 2169 321 2228 si
333 2168 446 2228 chartae
459 2169 559 2230 sileant
571 2171 648 2249 quod
659 2170 731 2228 bene
743 2169 858 2245 feceris,

288 2251 452 2312 Mercedem
466 2252 573 2313 tuleris.
608 2253 683 2327 Quid
692 2253 767 2312 foret
781 2251 852 2311 Iliae

290 2335 482 2414 Mavortisque
495 2354 579 2415 puer,
594 2339 618 2396 si
631 2338 803 2396 taciturnitas

292 2418 424 2480 Obstarct
439 2423 546 2480 meritis
556 2419 650 2481 invida
661 2415 796 2480 Romuli?

290 2501 426 2580 Ereptum
446 2505 553 2582 Stygiis
564 2505 696 2564 ductibus
710 2502 835 2563 Aeacum

290 2586 385 2645 Virtus
399 2596 428 2647 et
443 2588 523 2648 lavor
535 2597 564 2648 et
574 2588 670 2668 lingua
685 2588 841 2666 potentium

290 2669 391 2730 Vatum
403 2670 534 2732 divitibus
544 2681 696 2748 ,consecrat
710 2669 819 2733 insulis.

289 2752 412 2830 Dignum
425 2755 508 2816 lauda
519 2758 609 2816 virum
619 2754 700 2816 Musa
714 2763 791 2813 vetat
801 2753 887 2812 mori:

291 2835 382 2897 Ocelo
393 2835 474 2899 illusa
484 2839 559 2900 beat
593 2840 641 2899 Sic
656 2839 734 2899 lovis
745 2840 863 2896 interest

170 2949 172 2956 ι
224 2980 227 2984 ,
291 2918 401 2999 Optatis
419 2923 530 3000 epulis
522 2942 644 3002 impiger
652 2920 802 2996 Hercules,
835 2970 837 2978 ,

291 3001 402 3064 Clarum
415 3005 589 3082 Tyndaridae
601 3007 678 3067 sidus
690 3006 725 3066 ab
736 3005 837 3074 iudanis

291 3084 417 3159 Quassas
430 3093 552 3169 eripiunt
562 3090 734 3170 aequoribus
745 3097 833 3162 rates,

292 3168 411 3232 Ornatus
423 3175 505 3235 viridi
518 3182 646 3253 tempora
657 3173 788 3253 pampino

291 3251 377 3314 Liber
390 3244 456 3317 vota
470 3259 561 3318 bonos
573 3258 650 3318 ducit
659 3257 697 3318 ad
707 3258 809 3314 exitus.

545 3353 695 3364 *-

1042 173 1102 256 ‚1⁰³
