2526 3986
116 231 192 313 [sm
201 238 237 315 1.]
405 221 790 302 snurmnuuunen'u.
883 265 919 301 a
1018 235 1078 305 171

201 387 272 449 Cum
282 409 328 450 res
340 392 403 469 ipsu
415 391 487 450 ieret
497 411 504 450 :
515 391 570 453 nisi
583 390 681 450 dextro
691 401 836 470 tempore,
854 391 951 455 Flacci

198 471 293 535 Verba
304 492 356 554 per
371 482 503 534 attentam
518 491 574 534 non
584 475 663 534 ibunt
673 473 803 536 Caesaris
818 496 923 555 aurem,

200 556 253 618 Cui
268 558 341 618 mule
357 561 381 618 si
392 557 527 636 polpere,
544 555 703 619 recalcitrat
717 558 936 638 undiquetutus.
1025 563 1077 626 20

196 640 323 724 Tradat.
348 642 458 716 Quanto
478 644 584 702 rectius
595 642 666 720 boo,
691 659 774 722 qnam
793 646 864 704 tristi
877 645 991 707 laedere

312 779 313 787 ,
702 744 787 787 versu

196 806 397 872 Pantolabum
406 807 832 888 soomomNomeotonomqoe
842 821 989 890 nepotem,

197 892 267 954 Cum
280 895 334 955 sibi
347 897 469 974 quisque
480 896 574 971 timet,
589 911 746 974 quanquam
758 903 802 954 est
813 897 947 974 intactus,
961 904 989 956 et

686 977 773 1038 odit!

196 1059 303 1123 Horat.
327 1060 402 1136 Quid
423 1057 546 1122 inciam?
571 1060 659 1123 Sultnt
674 1061 822 1139 Milonius,
848 1069 879 1121 nt
900 1061 989 1122 semel

275 1183 282 1188 -
699 1148 757 1206 ioto

195 1227 329 1290 Accessit
339 1229 436 1290 iervor
447 1231 532 1308 capiti
543 1237 733 1312 numerusque
744 1227 883 1299 lueemis;
1031 1233 1070 1295 25

196 1309 299 1372 Castor
308 1314 413 1392 gaudet
427 1315 529 1392 equis,
544 1331 600 1374 ovo
613 1323 766 1392 prognatus
778 1312 880 1374 eodem

194 1396 314 1475 Pugnis;
327 1407 396 1476 quot
410 1400 532 1476 sapitum
542 1398 654 1476 vivunt,
668 1398 785 1458 totidem
796 1395 951 1458 studiorum

193 1478 295 1541 Millia:
308 1498 353 1541 me
367 1481 487 1560 pedibus
501 1480 626 1540 delectat
638 1480 770 1542 claudere
780 1479 868 1540 verba

192 1563 281 1624 Lucili
292 1567 364 1642 ritu,
377 1566 503 1625 nostrum
514 1562 640 1639 melioris
652 1573 784 1642 utroque.
855 1640 857 1648 ,

193 1645 245 1707 lile
255 1648 335 1707 velut
344 1646 406 1709 iidis
417 1665 518 1708 areana
530 1645 675 1707 sodalibus
691 1647 757 1708 olim
955 1696 962 1708 ,
1029 1651 1071 1713 30

193 1730 335 1792 credebat
345 1731 424 1792 libris
435 1777 444 1808 ,
457 1749 571 1810 neque,
584 1729 692 1792 simale
704 1739 848 1808 eesserat,
867 1747 986 1809 usquam

191 1814 354 1876 Deonrreus
367 1814 423 1876 alio
434 1861 443 1892 ,
455 1832 549 1893 neque
564 1813 692 1874 sibene:
705 1831 763 1896 quo
775 1816 819 1893 iit,
839 1823 870 1874 ut
881 1816 971 1875 omnis

191 1899 293 1960 Votiva
305 1907 399 1977 pateat
408 1898 497 1958 veluti
509 1895 651 1976 deseripta
661 1898 765 1959 tabella

191 1982 255 2042 Vita
272 1984 359 2042 senis.
395 1981 507 2061 Sequor
528 1982 617 2058 huno,
645 1981 772 2042 Lucanus
793 1999 828 2042 an
842 1981 983 2061 Appulus,

694 2083 764 2126 anee
786 2085 836 2126 s:-

80 2205 84 2208 .
190 2148 261 2210 Nam
271 2146 431 2208 Veuusinu's
442 2153 502 2208 arat
512 2149 595 2208 linem
606 2148 658 2208 sub
672 2083 821 2229 utrumllue
835 2147 966 2224 uniquus,
1027 2151 1067 2214 35

189 2233 294 2294 blissus
307 2231 341 2292 ad
352 2233 409 2292 boo
423 2232 528 2310 pulsis,
547 2241 630 2292 vetus
645 2241 690 2293 est
704 2243 735 2293 ut
748 2234 831 2309 inme,
849 2232 981 2309 Sabellis,

81 2343 85 2348 ·
191 2318 255 2392 Quo
266 2335 303 2376 ne
318 2333 371 2396 per
380 2334 499 2376 vaouum
510 2315 638 2377 Romano
650 2319 807 2377 incurreret
817 2316 919 2391 bostis,
1152 2357 1155 2364 ·

190 2403 257 2462 Sive
269 2399 345 2480 quod
356 2400 469 2478 Appula
480 2419 552 2478 gens
565 2417 617 2459 sen
629 2399 706 2480 quod
718 2399 839 2460 Lucania
849 2398 954 2458 bullum
1081 2421 1086 2430 *

187 2484 331 2546 incuteret
341 2483 474 2547 violenta.
487 2515 498 2528 ·
514 2483 572 2544 Sed
586 2485 633 2544 hie
645 2483 724 2544 stilus
735 2482 808 2544 baud
821 2491 899 2560 petet
909 2483 982 2544 ultro

189 2569 366 2648 Quemquam
377 2571 553 2645 animantem,
562 2576 592 2628 et
601 2568 742 2628 meveluti
754 2567 981 2629 eustodIet'ensis
1024 2565 1066 2632 40

69 2674 71 2684 ⁴
187 2653 296 2732 Vagina
307 2663 417 2714 tectus:
431 2671 515 2732 quem
526 2670 576 2714 onr
587 2653 767 2730 destringere
779 2667 868 2710 eoner

188 2736 275 2798 'lutus
288 2738 322 2798 ab
336 2738 447 2799 iniestis
461 2734 635 2796 latronibus?
651 2736 674 2797 0
688 2745 769 2815 pater
784 2745 813 2795 et
822 2753 873 2795 rex

188 2820 325 2901 luppiter,
340 2831 370 2882 ut
381 2815 480 2900 pereat
491 2821 613 2898 positum
623 2820 754 2898 robigine
764 2819 861 2894 telum,

186 2905 249 2966 Nee
261 2907 408 2985 quisquam
420 2913 523 2966 nooeat
534 2904 637 2983 eupido
649 2905 717 2965 mihi
729 2903 823 2981 peois!
837 2899 874 2961 At
888 2901 948 2980 ille,

189 2988 244 3063 Qui
255 3009 301 3050 me
312 2991 469 3067 commorit,
481 3020 492 3033 ·
503 2988 604 3048 melius
617 3006 675 3048 non
685 2997 813 3066 tangere,
826 2985 951 3063 olann-
1023 2985 1063 3050 45

187 3071 281 3134 Flebit
292 3083 320 3134 et
330 3075 449 3152 insignis
462 3082 522 3135 tota
536 3072 691 3133 cantabitur
703 3072 781 3132 urbe.

91 3181 95 3188 “
187 3155 308 3218 Cervius
323 3161 408 3218 iratus
419 3157 502 3236 leges
512 3157 652 3216 minitatur
662 3164 692 3216 et
703 3173 808 3232 umam,

61 3267 63 3276 ·
188 3240 303 3302 Canidia
314 3241 427 3318 Albuti,
444 3241 546 3320 quibus
558 3249 603 3300 est
618 3241 747 3316 inimica,
762 3257 910 3315 venenum,

187 3322 298 3386 Grande
309 3318 410 3385 malum
420 3323 537 3400 Turius,
551 3325 576 3382 si
588 3322 655 3400 quid
667 3339 699 3382 se
710 3321 804 3382 iudiee
816 3331 919 3384 eertes.
