2556 3988
136 220 285 298 [Epium]
529 215 639 278 LIBER
649 217 686 278 ll.

127 369 774 450 'Ettempestivumpuerisconeedereludem,

26 519 27 524 γ
135 452 179 513 Ae
189 471 246 514 non
256 454 344 515 verba
357 455 439 533 sequi
451 452 552 514 lidibus
562 452 729 514 modulanda
740 453 854 531 latinis,
1018 529 1020 534 ,

26 567 27 570 ¹
135 537 195 597 Sed
207 555 294 598 uerae
304 553 495 616 numerosque
506 537 665 616 modosque
680 536 809 600 ediscere
819 543 903 602 vitae.

136 621 278 695 Quocirca
289 639 399 681 meeum
410 621 514 700 loquor
523 622 595 682 haee
607 623 764 698 tacitusque
775 622 923 686 recordor:

134 705 189 782 „Si
200 705 251 765 tibi
261 704 337 766 nulla
348 706 422 765 sitim
433 706 524 766 liniret
534 708 617 782 eopia
628 704 778 782 lymphae,

97 835 99 843 s
134 783 293 865 ‚,Narrares
303 787 439 859 modieis:
457 787 551 868 quod,
570 797 672 868 quanto
684 787 764 866 plura
778 790 892 867 parasti,

133 871 246 949 ,fiunto
258 871 339 951 plura
351 875 448 950 eupis,
464 871 569 932 nulline
580 872 694 932 faterier
705 870 813 932 audes?

133 955 525 1032 „Sivnlnnstiltimonstrata
536 955 688 1016 radieevel
701 955 789 1032 herba
879 984 881 993 ·

20 1067 23 1076 ·
134 1038 221 1115 „Non
236 1040 315 1098 lieret
326 1039 435 1117 levius,
451 1040 568 1118 lugeres
581 1039 676 1100 radice
690 1039 737 1098 uel
748 1038 844 1110 herba

132 1120 327 1200 „Proficiente
338 1123 408 1184 nihil
422 1125 560 1184 ourarier:
579 1123 724 1198 audieras,
744 1125 789 1182 oui

133 1206 227 1282 „Rem
243 1205 270 1264 di
282 1205 434 1284 donarent,
454 1206 494 1267 illi
507 1205 648 1268 decedere
660 1223 775 1284 pravam

132 1289 322 1366 „stultitiam
341 1299 384 1367 et,
402 1309 466 1351 eum
477 1293 517 1350 sis
531 1291 617 1352 nihilo
629 1292 797 1368 sapientior,
815 1305 918 1367 exquo

131 1373 268 1450 „Plenior
280 1391 330 1449 es,
343 1382 435 1434 tamen
446 1377 534 1435 uteris
545 1374 729 1436 monitoribus
742 1369 853 1434 isdem?

132 1456 192 1534 „dt
203 1459 227 1529 si
239 1456 352 1517 divitiae
365 1457 529 1535 prudentem
541 1458 661 1518 reddere
676 1465 803 1535 possent,

130 1541 185 1618 „Si
198 1540 329 1620 cupidum
340 1542 523 1620 timidumque
533 1544 623 1603 minus
633 1551 677 1602 te:
692 1557 795 1619 nempe
805 1540 933 1618 nuberes,
989 1605 991 1611 ,

130 1625 270 1702 „Viveret
283 1627 312 1685 in
322 1627 405 1686 terris
414 1635 444 1686 te
458 1629 482 1685 ri
494 1629 557 1704 quis
570 1628 680 1686 avarior
690 1641 756 1686 uno.

130 1709 186 1785 „Si
196 1711 339 1786 proprium
354 1719 415 1786 est,
433 1709 509 1789 quod
522 1713 585 1789 quis
596 1708 667 1769 libre
676 1716 948 1782 nonenoeane,

129 1791 314 1869 „Quaedam
334 1795 359 1852 si
372 1793 467 1854 eredis
479 1792 633 1870 consultis,
646 1794 784 1871 manoipqt
795 1810 878 1852 usus:

128 1875 209 1953 „Qui
222 1885 251 1935 te
262 1877 354 1955 pessit
365 1895 449 1954 ager,
466 1885 530 1937 tuus
545 1885 604 1952 est,
621 1884 650 1935 et
660 1874 772 1938 villious
783 1875 862 1952 ortt,

122 1957 224 2036 „Cum
236 1967 352 2036 segetes
364 1969 448 2020 oeeat
457 1961 508 2020 tibi
520 1977 586 2020 mox
597 1960 733 2020 frumenta
745 1959 866 2035 daturos,

128 2041 193 2120 „Te
205 2041 347 2102 domiuum
357 2045 451 2102 sentit.
474 2043 533 2104 llas
544 2059 686 2120 nummos,
703 2044 810 2120 aeoipis
823 2060 916 2124 uvam,

128 2121 264 2204 „Pullos,
285 2142 355 2203 ova,
373 2126 471 2187 eadum
483 2129 594 2188 temeti:
609 2145 711 2206 nempe
725 2126 875 2189 modoisto

127 2208 286 2287 „Paulatim
296 2212 556 2289 merearisegrum,
577 2211 700 2271 fortasse
710 2212 845 2272 treeentis

126 2294 207 2371 „Aut
220 2295 303 2354 etiam
314 2312 400 2373 supra
409 2311 582 2356 nummorum
594 2294 715 2355 millibus
728 2303 840 2356 emtum.

28 2410 32 2426 ι
126 2376 227 2454 „Quid
239 2376 341 2455 refert,
361 2380 440 2440 vivas
455 2388 600 2439 numerato
611 2395 702 2456 nuper
712 2396 746 2438 an
758 2373 846 2438 olim?

126 2459 250 2537 „Emtor
263 2459 370 2523 Arioirri
382 2461 522 2540 quondam
533 2462 660 2522 Veientis
672 2462 770 2522 stanni

125 2543 261 2622 „Enetum
273 2555 376 2606 coenat
387 2545 467 2622 olus,
484 2547 611 2624 momnis
625 2545 708 2606 aliter
718 2553 811 2623 putat;
828 2545 909 2605 emtis

124 2628 209 2705 „Sub
220 2636 332 2690 noctem
343 2629 467 2706 gelidam
480 2630 566 2708 lignis
581 2629 730 2690 rdeteeut
740 2628 874 2698 ahenum

123 2711 207 2792 „Sed
218 2721 304 2772 voert
315 2730 405 2792 usque
418 2731 514 2790 suum,
531 2731 587 2792 qua
599 2712 721 2792 populus
735 2710 825 2772 adsita
836 2711 923 2772 eertis

124 2795 293 2872 „limitibus
304 2798 397 2858 vioina
410 2797 516 2876 refugit
526 2800 632 2876 iurgia,
647 2831 684 2842 -
696 2805 827 2874 tanquam

123 2880 190 2954 „Sit
204 2881 349 2958 proprium
360 2881 521 2960 quidquam,
530 2891 635 2958 punoto
647 2879 725 2958 quod
734 2879 846 2940 mobilis
857 2879 945 2940 horae

122 2961 228 3038 „Nune
240 2981 342 3043 preee,
357 2983 431 3026 nune
443 2969 551 3045 pretio,
568 2983 642 3026 nune
653 2966 697 3040 vi,
715 2981 789 3024 nune
800 2972 892 3024 morte

726 3063 858 3124 suprema
939 3113 940 3120 χ

121 3130 285 3208 ,‚l’ennutet
297 3131 426 3194 dominos
437 3142 466 3192 et
476 3132 598 3194 aedatin
609 3130 696 3192 altera
706 3131 776 3190 iura.

121 3216 195 3290 „Sia
206 3218 271 3294 quia
282 3227 438 3296 perpetuus
449 3216 517 3278 nulli
529 3215 610 3276 datur
619 3232 704 3291 usus,
717 3214 840 3274 etheree

120 3298 286 3376 „Heredem
296 3295 878 3376 alteriusvelutundasupervenitundem,
984 3279 986 3284 ¹
