2536 3986
442 181 444 190 ’
545 172 744 240 condition

326 326 368 390 l’u
379 335 464 404 potes
478 329 566 404 tigres
578 331 753 407 comitesque
764 329 850 392 silves

313 410 439 471 ‘Ducere
450 419 479 469 et
493 411 570 470 rivos
586 411 696 472 celeres
709 415 827 481 nioruri:

326 491 421 554 Cessit
434 493 560 554 immanis
575 495 625 555 tibi
638 493 791 556 blandienti

376 575 480 637 Ianitor
495 575 585 654 aulae,
644 657 648 668 1

327 726 480 806 Cerberus,
493 729 619 806 quamvis
636 723 736 790 furiale
748 719 858 791 dentum

255 867 262 880 ,
324 810 449 872 lllunient
462 829 568 890 angues
586 821 682 892 eaput,
698 814 760 873 elus
772 822 857 892 atque

325 895 446 973 Spiritus
457 903 529 956 teter
543 898 694 974 saniesque
710 903 802 956 manet
860 971 861 976 ἵ

376 977 432 1038 Ore
446 979 579 1056 trilingui.

325 1102 400 1176 Quin
413 1111 441 1164 et
453 1099 534 1163 Ixion
544 1098 703 1180 Tityosque
714 1069 792 1164 vultu

239 1223 241 1229 ι
323 1186 396 1247 Risit
407 1187 504 1263 invito,
516 1187 595 1245 stetit
609 1203 677 1245 unna
692 1186 804 1263 paulum

322 1269 416 1346 Sioeo,
431 1268 494 1328 dum
509 1278 590 1346 grato
602 1267 689 1330 Danai
703 1267 812 1348 puellas

259 1369 264 1380 ’
373 1350 629 1412 Carminemulees.

325 1477 427 1538 Audiet
436 1476 514 1554 Lyde
527 1475 622 1538 scelus
637 1485 722 1557 utque
732 1486 813 1538 notes

322 1560 467 1639 virginum
478 1574 596 1640 poenes,
613 1569 641 1620 et
654 1563 737 1622 inane
748 1561 878 1640 lymphae

185 1677 191 1684 ·
320 1642 436 1704 Delium
449 1644 536 1704 lundo
551 1647 696 1722 pereuntis
708 1646 774 1722 imo,

375 1727 501 1806 Senaque
516 1728 582 1804 lete,
677 1783 679 1787 .

322 1864 403 1938 Quae
419 1873 530 1924 monent
542 1863 641 1942 culpus
656 1866 739 1926 etiem
754 1866 806 1925 suh
819 1864 903 1926 Oreo.
968 1919 969 1922 ,

323 1946 438 2025 impiae,
451 1983 462 1994 ·
477 1966 539 2008 uam
553 1947 621 2027 quid
635 1950 754 2026 potuere
765 1940 894 2008 malus?-

322 2030 428 2109 ltnpine
439 2046 562 2109 sponsos
575 2037 694 2109 potuere
706 2032 775 2093 duro

369 2112 593 2176 Perderelerro!

319 2247 380 2308 Une
395 2247 430 2306 de
443 2246 536 2308 multis
550 2248 614 2308 luoe
629 2248 746 2326 nuptiali

319 2330 412 2410 Digne
422 2333 563 2409 periurum
574 2332 626 2393 luit
640 2335 824 2410 inponentem

321 2413 476 2491 splendide
489 2414 610 2476 mendax
621 2413 650 2474 et
663 2417 691 2474 in
702 2432 785 2475 omne
795 2416 876 2493 virgo

365 2493 479 2558 Nobilis
498 2517 608 2575 nevum,

320 2620 474 2700 „Surge‚“
489 2640 561 2701 quoe
577 2621 646 2684 dixit
658 2623 753 2683 iuveni
768 2625 878 2700 munito,

239 2750 242 2758 .
318 2705 445 2783 „Surge
459 2723 494 2766 ne
505 2705 668 2782 longustihi
685 2722 811 2782 somnus,
828 2707 900 2766 unde

318 2787 406 2865 „Non
418 2791 511 2865 times,
530 2787 623 2858 detur3
639 2803 771 2849 socerum
782 2798 811 2849 et
825 2789 963 2852 scelestus

363 2870 466 2948 „Falle
478 2888 603 2949 sorores,

316 3004 433 3082 „Quae
445 3004 522 3065 velut
535 3013 634 3066 nactae
648 3005 752 3067 vitulos
763 3006 890 3083 leaenae,

317 3087 475 3166 „Singulos
488 3088 561 3149 eheu
572 3086 711 3151 lecerunt:
723 3107 779 3168 ego
794 3089 851 3150 illis

317 3169 455 3247 „Mollior
464 3189 519 3232 nee
532 3180 561 3231 te
572 3172 670 3232 leniam
682 3191 776 3252 neque
790 3175 859 3232 intra

367 3251 646 3331 „Claustre‘teuebo

1003 181 1069 258 [ou.
1087 183 1147 262 in]
1259 173 1260 194 ³
