2526 3986
142 185 147 192 ’
196 197 256 264 178
562 196 791 264 subinnuitur
1044 205 1162 282 [saca]

228 411 234 424 ,
277 351 382 411 Verum
393 350 430 410 ob
445 349 594 412 consilium
605 351 711 412 donent
722 350 852 411 tonsore!
867 351 925 412 Sed
935 351 1011 414 unde

278 433 344 495 Tam
357 434 431 494 boue
451 431 495 494 rue
507 433 603 496 uosti‘l
635 433 731 513 Dum.¹
752 433 903 516 Postquam
920 439 1013 503 ,omnis
1031 456 1079 496 res
1100 455 1159 499 moa

696 517 792 578 lanum

275 601 320 663 Ad
331 601 453 664 medium
464 602 553 663 lracta
568 611 627 678 est,
648 601 946 680 alienanegotiacuro
986 653 988 658 .

215 691 255 752 20
276 683 424 746 Erroussus
435 687 568 763 propriis.
593 685 666 756 Qlim
677 705 739 746 nam
752 704 889 764 quaerere
906 688 1041 764 amabam,

277 768 341 843 Quo
353 769 432 830 vafer
443 767 493 830 illo
502 769 592 846 pedes
603 769 720 830 lavisset
733 770 872 848 Sisyphus
884 788 962 847 acre,

277 851 352 926 Quid
363 852 503 932 sculptum
513 853 639 930 infabre,
653 852 720 931 quid
735 853 827 914 fusum
840 853 936 914 durius
949 864 1044 924 esset;

188 963 193 973 ·=
246 993 248 1000 ,
276 935 400 996 Callidus
415 938 481 996 huic
493 939 574 1014 siguo
588 938 727 1015 ponebam
737 936 823 997 millia
835 946 962 1007 centum;

165 1063 166 1068 η
275 1019 380 1080 Hortos
397 1022 586 1099 egregiasque
599 1019 699 1080 domos
714 1023 867 1081 mercarier
880 1040 951 1082 unus

213 1107 252 1170 25
275 1101 436 1166 contuens
449 1121 559 1164 noram:
575 1103 649 1164 tunde
660 1103 819 1182 frequentia
835 1103 1004 1166 Mercuriale

274 1186 438 1266 Imposuere
456 1187 522 1246 mibi
535 1195 693 1266 cognomen
711 1191 843 1267 compita.
865 1187 970 1252 Horat.
982 1187 1070 1266 Novi,

273 1269 309 1330 Et
321 1273 407 1331 miror
417 1272 507 1332 morbi
521 1281 667 1350 purgatum
678 1280 707 1332 te
718 1271 804 1332 illius.
826 1272 911 1352 Atqui

272 1352 387 1415 Emovit
397 1363 522 1415 veterem
533 1357 603 1416 mire
614 1373 724 1431 nouus,
743 1365 773 1416 ut
788 1355 879 1433 solet,
894 1358 923 1416 iu
934 1373 984 1416 cor

274 1435 404 1498 Treiecto
416 1437 513 1498 lateris
524 1440 619 1500 miseri
632 1441 771 1517 capitisve
783 1440 894 1517 dolore,

209 1526 251 1586 30
272 1521 310 1582 Ut
323 1521 493 1600 lethargicus
507 1522 552 1582 hic
565 1541 628 1581 cum
640 1523 669 1582 bt
685 1523 764 1601 pugil
776 1533 804 1584 et
818 1524 955 1584 medicum
966 1523 1069 1602 urget?
1100 1549 1105 1556 ¹

124 1611 126 1618 “
273 1604 346 1665 Dum
371 1604 498 1684 nequid
526 1606 617 1666 simile
635 1607 716 1683 huic,
749 1617 811 1667 esto
839 1607 971 1667 utlibet.
1014 1607 1105 1671 Dum
1129 1609 1153 1670 0

692 1690 782 1768 bono,
793 1699 869 1750 nete

272 1770 434 1831 Fmstrero:
447 1773 552 1833 insanis
564 1782 592 1833 et
604 1782 633 1834 tu
643 1774 800 1856 ,stultique
807 1791 903 1854 prope
916 1791 1023 1872 omnes,

186 1898 198 1921 s
272 1854 382 1933 Siquid
397 1854 545 1916 Stertinius
557 1859 616 1916 veri
629 1866 742 1936 crepat,
759 1857 833 1918 unde
852 1875 907 1936 ego
920 1859 987 1919 mira

272 1937 420 2017 Descripsi
432 1939 533 2004 docilis
546 1951 699 2020 praecepta
710 1942 781 2004 baec
788 1951 938 2020 ‚tempore
951 1960 1010 2021 quo
1022 1963 1067 2004 me

209 2024 248 2084 35
272 2021 409 2083 Solatus
401 2025 482 2083 russit
492 2027 649 2103 sapientem
661 2043 785 2102 pascere
793 2025 906 2086 barbam

273 2105 366 2185 Atque
377 2124 393 2166 a
403 2105 534 2168 Fabricio
548 2123 604 2168 non
617 2111 725 2168 tristem
738 2117 862 2208 ponte
835 2111 948 2170 reverti.

271 2188 341 2250 Nam
352 2190 425 2250 male
434 2210 466 2251 ro
477 2201 559 2270 gesta
570 2210 634 2259 cum
644 2192 746 2252 vellem
758 2181 869 2254 mittere
880 2201 980 2272 operto

271 2272 317 2333 lle
334 2276 445 2352 copite'
437 2295 466 2336 ru
478 2275 596 2352 ilumou,
616 2276 715 2336 denter
725 2279 802 2338 stetit
813 2287 842 2338 ct
852 2276 953 2355 „Cave
966 2275 1038 2336 iaris

273 2354 338 2435 „To
365 2359 516 2440 quidquam
540 2360 700 2440 indiguum!
735 2359 851 2420 Ιίιιίιιιιι
874 2361 962 2440 iuquit
986 2367 1039 2437 „te
1062 2359 1153 2420 malus

372 2485 377 2494 ι
690 2447 777 2522 angit,

211 2525 251 2588 40
273 2522 414 2601 „insanos
426 2527 474 2604 qui
489 2511 562 2587 inter
573 2545 690 2588 vereare
704 2530 817 2588 insanus
828 2527 936 2588 haberi.

271 2607 414 2686 „Primum
435 2629 497 2672 nam
511 2613 663 2691 inquiram,
690 2612 756 2710 quid
774 2614 810 2672 sit
828 2613 953 2692 surore:
975 2610 1031 2671 hcc
1050 2611 1075 2670 si
1091 2613 1154 2671 ¹erit

688 2697 757 2757 inte
805 2747 809 2758 .

271 2777 382 2854 „Solo‚
397 2776 436 2837 nil
448 2777 544 2856 verbi,
558 2796 659 2858 pereas
672 2783 739 2858 quin
750 2780 874 2855 fortiter,
888 2777 995 2838 addam.

271 2861 387 2938 „Quem
400 2860 471 2921 mala
482 2863 598 2924 stultitia
608 2871 637 2923 ct
650 2881 848 2942 quemcunque
862 2822 971 2922 inscitia
982 2862 1044 2921 reri

272 2943 419 3022 „Caecum
430 2946 497 3022 agit,
510 2950 652 3010 insonum
664 2945 816 3026 Chrysippi
828 2948 952 3025 porticus
964 2953 993 3004 ot
1002 2963 1075 3023 grex

209 3027 249 3092 45
272 3029 434 3106 „Autumat
464 3027 543 3091 llaec
561 3029 711 3110 populos,
720 3033 792 3094 haec
803 3046 920 3108 magnos
932 3028 1052 3089 formula
1063 3047 1151 3107 reges
1257 3055 1258 3114 ι

271 3112 423 3192 „Excepto
436 3117 563 3192 sapiente
574 3124 660 3176 tenet.
683 3113 764 3185 Nunc
775 3117 891 3193 accipe,
908 3131 996 3193 quare
1257 3135 1258 3142 ¹

271 3195 443 3276 „Desipiaut
455 3213 552 3260 omnes
565 3217 656 3278 aequo
668 3209 758 3276 actu,
772 3202 819 3279 qui
830 3198 879 3259 tibi
891 3214 993 3258 nomeu

212 3339 215 3345 .
270 3280 409 3360 „insono
420 3298 553 3360 posuere.
571 3281 656 3342 Velut
667 3281 761 3361 silvis,
774 3284 822 3343 ubi
835 3285 937 3361 passim
1044 3287 1061 3348 ,'
