2526 3986
104 325 109 340 .
163 258 164 263 κ
216 235 277 304 mo
554 256 558 266 x
595 233 811 308 strumum
1057 239 1168 318 [aaa]

294 381 445 460 Quamput
465 386 558 466 aquila
580 397 626 458 ant
648 404 766 464 serpens
774 385 973 465 Epidaurius?
992 389 1030 450 At
1040 391 1091 452 tibi

335 491 339 498 ⁴
869 482 997 538 contras

291 551 409 629 Evenit‚
427 556 565 632 inquirant
576 557 643 616 vitia
657 563 688 613 ut
699 563 746 614 tua
760 574 857 614 rursus
872 566 901 616 et
914 555 964 616 illi.

290 634 454 698 Iracundior
471 647 515 697 est
525 637 626 716 paulo,
642 641 732 698 minus
746 647 828 716 aptus
840 642 930 700 acutis

227 723 269 784 30
290 719 410 780 Naribus
425 722 525 781 borum
537 722 695 798 hominurn,
713 720 798 781 rideri
813 727 906 801 possit
918 741 970 801 eo,
991 727 1068 805 quod

288 803 439 864 Rustioius«
446 813 530 865 tonso
541 814 609 884 toga
622 805 718 866 defluit
731 814 764 867 et
777 805 849 866 male
865 807 944 868 laxus

287 885 319 946 ln
334 888 407 965 pede
422 888 535 948 calceus
546 890 658 958 haerct;
671 897 701 948 at
711 897 755 947 est
765 889 873 966 bonus,
887 900 917 950 ut
927 892 1027 953 melior
1038 898 1083 956 vir

286 969 350 1032 Non
362 971 432 1031 alins
445 975 608 1052 quisquam,
631 982 658 1033 at
676 972 727 1033 tibi
743 975 869 1050 amicus,
893 984 921 1035 at
939 977 1080 1054 ingenium

364 1084 369 1090 ·
861 1076 889 1117 rn
912 1076 962 1118 ens
1027 1093 1031 1104 .

285 1136 394 1199 lnoulto
408 1139 542 1200 latethoc
553 1140 605 1199 sub
618 1157 749 1217 corpore.
772 1073 944 1221 Deniquegte
956 1145 1048 1220 ipsum

221 1225 261 1286 35
285 1219 430 1299 (iouente,
446 1243 511 1284 num
522 1241 577 1303 qua
588 1223 638 1283 tibi
649 1226 779 1284 vitiorum
789 1227 925 1284 inseverit
936 1225 1001 1289 olim

283 1305 385 1366 Natura
401 1317 447 1367 aut
463 1310 546 1367 etiarn
561 1306 736 1368 consuetudo
748 1308 835 1369 mala:
849 1327 969 1388 namque

281 1387 430 1467 Negleotis
442 1390 547 1452 urenda
561 1390 619 1472 lilix
636 1393 788 1452 innascitur
799 1394 885 1469 agris.

281 1470 351 1532 llluc
364 1484 583 1552 praeveniamur:
599 1481 751 1536 amatorem
763 1474 839 1554 quod
853 1477 960 1536 arnioae
1035 1531 1041 1536 .

280 1553 383 1635 'l'urpia
395 1557 539 1637 decipiunt
550 1575 665 1618 caecum
676 1561 760 1634 vitia,
775 1561 916 1619 autetiam
927 1562 988 1638 ipsa
999 1561 1072 1624 baec

215 1638 443 1718 401Deleotant‚
460 1641 548 1701 veluti
561 1639 707 1704 Balbinum
718 1642 840 1721 polypus
855 1641 984 1722 Hagnae:

276 1722 387 1783 Vellem
398 1727 426 1784 in
440 1727 561 1786 amicitia
571 1727 614 1784 sic
626 1743 782 1786 erraremus
794 1735 823 1786 ot
837 1729 885 1786 isti

276 1804 373 1867 Emori
384 1824 486 1868 nomen
497 1810 585 1868 virtus
597 1811 743 1887 posuisset
756 1809 914 1872 honestum.

275 1888 313 1949 At
324 1899 404 1968 pater
419 1902 448 1951 ut
463 1894 554 1970 gnati,
569 1896 675 1952 sionos
689 1891 842 1969 debemus,
855 1895 938 1953 amici

276 1974 306 2033 si
319 1975 395 2051 quod
406 1978 442 2034 sit
452 1979 563 2052 vitium,
575 1974 631 2036 non
643 1975 788 2038 fastidire:
799 1977 960 2038 strabonem
1064 2001 1067 2008 ⁴

212 2059 252 2122 45
274 2057 407 2135 Appellat
418 2067 542 2138 poclum
557 2069 651 2138 pater,
669 2068 698 2118 et
704 2062 832 2139 pullum,
844 2060 916 2120 male
929 2079 1031 2140 parvus
1150 2087 1153 2094 ·
1186 2098 1191 2113 ν

274 2142 304 2200 st
317 2144 361 2201 cni
373 2141 446 2203 lilius
458 2152 517 2221 est,
534 2153 565 2204 ut
575 2143 719 2204 abortivus
730 2143 783 2204 luit
794 2143 861 2204 olirn
900 2202 904 2208 ,
1125 2151 1127 2154 ’

189 2247 190 2254 “
273 2225 424 2302 Sisyphum
435 2229 509 2287 buno
519 2247 628 2289 eorum
640 2226 765 2288 distortis
778 2228 920 2304 eruribus,
936 2227 1012 2288 illum

271 2307 393 2368 balbutit
404 2329 550 2372 occuram
561 2313 656 2391 pravis
669 2311 767 2370 fultum
778 2311 850 2372 malo
862 2311 950 2371 talis.›

270 2390 384 2453 Parcius
395 2395 442 2457 bio
456 2397 525 2454 vivit
534 2416 543 2456 :
552 2398 638 2474 froya·
650 2394 766 2455 dicatur.
809 2393 925 2474 Ineptus

130 2511 141 2548 ,ν
208 2481 249 2541 50
269 2473 306 2534 Et
319 2478 465 2538 iactantior
474 2478 523 2538 bio
532 2479 616 2558 paulo
629 2487 686 2539 est:
699 2481 867 2540 conmeatus
877 2480 985 2540 amicis

268 2557 392 2620 Postulat
402 2571 432 2621 ut
442 2561 578 2626 videatur.
601 2562 638 2623 At
648 2571 694 2622 est
705 2561 888 2625 truculentior
900 2572 983 2640 atque
1094 2635 1102 2644 ι

267 2641 333 2704 Plus
348 2662 439 2724 aequo
451 2636 537 2706 liber:
552 2648 681 2724 simplae
690 2648 838 2725 fortiaque
848 2647 992 2706 habeatur.
1013 2659 1019 2674 ’

268 2724 381 2788 caldior
394 2738 452 2788 est:
470 2748 561 2792 coroa
571 2731 644 2790 inter
656 2738 827 2792 numeretur.
850 2728 968 2808 Opinor‚

265 2809 343 2871 llaec
357 2831 403 2872 res
415 2822 444 2873 et
455 2814 560 2891 iungit,
575 2814 685 2873 iunctos
702 2822 731 2872 et
742 2822 836 2873 servat
847 2815 963 2873 amicos.

204 2899 243 2960 55
264 2895 302 2954 Aa
315 2909 367 2955 nos
382 2899 500 2956 virtutes
510 2899 588 2975 ipsas
602 2898 763 2967 invertimus
774 2905 859 2976 atquc
923 2943 928 2956 .

265 2978 410 3040 Sincernm
423 2983 550 3059 cupimus
559 2999 610 3042 vas
621 2981 785 3042 incrustare.
805 2980 913 3042 Probus
925 2981 989 3058 quis

264 3059 417 3123 Nobiscum
431 3066 514 3140 vivit,
526 3061 642 3121 multum
655 3061 795 3122 demissus
806 3062 892 3121 bomo
905 3061 969 3132 ille;
1011 3060 1016 3069 '

177 3203 180 3207 .
264 3142 355 3204 'lardo
369 3165 526 3226 cognomen
535 3141 644 3228 piopoi
656 3145 762 3210 marus.
785 3145 839 3208 llic
849 3147 922 3225 fugit
935 3161 1034 3206 omnes

262 3227 380 3289 Insidias
394 3231 519 3311 nullique
529 3231 602 3294 malo
614 3229 686 3292 latus
698 3230 777 3290 obdit
787 3241 925 3309 apertum
1010 3265 1013 3272 ,

201 3318 241 3380 60
262 3310 333 3373 Cum
344 3331 434 3392 genus
445 3315 501 3374 hoc
511 3317 667 3377 interritae
677 3324 821 3392 versetur,
836 3316 883 3374 ubi
895 3316 968 3374 aeris
