2526 3986
107 321 112 334 ,
198 263 259 330 155
448 262 450 267 '
571 227 785 327 snrrmauu
1039 272 1155 342 [stes]
1244 345 1245 380 i

276 416 385 493 Paene,
398 432 523 491 macros,
537 419 621 492 arsit,
638 416 702 476 dum
714 417 811 478 turdos
822 426 916 478 versat
928 419 957 478 in
967 419 1056 495 ignis

277 500 348 562 Nam
357 517 430 576 roga
445 516 496 576 per
505 500 633 558 veteremx
646 498 755 579 dilapso
767 501 875 562 damma
887 501 1006 562 culinam

276 583 404 644 Vulcano
416 601 550 642 summurn
562 585 731 661 properabat
743 584 867 644 lambere
879 592 1008 646 tectum>

214 672 253 733 ts
278 666 420 728 Convivas
432 665 530 726 aridos
542 675 661 726 coenam
671 685 830 747 servosque
846 671 976 729 timentes

276 750 345 811 Tum
356 767 456 828 rapere
468 758 552 828 atque
565 766 661 810 omnes
673 754 851 829 restinguere
862 753 937 812 velle
948 751 1072 813 videres.

276 834 377 913 lncipit
390 851 425 893 ex
436 832 486 892 illo
498 843 607 894 montes
620 834 744 912 Appulia
760 845 844 895 notos
1178 839 1180 842 ’

277 917 424 978 Ostentare
442 917 527 993 mibi,x
543 935 616 996 quos
629 927 719 979 torret
729 919 865 980 Atabulus
880 927 909 978 et
923 936 995 997 quus

276 1002 422 1080 Nunquam
434 1017 614 1078 erepscmus‚
630 1003 686 1064 uisi
700 1020 752 1062 nos
764 1004 857 1063 uicina
872 1000 976 1062 Trivici

214 1089 255 1150 80
275 1085 349 1164 Villa
362 1086 522 1162 recepisset
533 1083 684 1146 lacrimoso
697 1102 754 1146 non
765 1087 826 1146 siue
837 1085 925 1162 fumo,

171 1169 175 1174 ’
276 1169 354 1229 Udos
367 1187 429 1228 oum
441 1166 518 1228 loliis
529 1184 622 1228 ramos
634 1178 732 1229 urente
744 1172 863 1230 camino.

259 1251 329 1312 'Hic
345 1250 575 1332 egofmendacem
586 1253 766 1314 stultissimus
782 1271 874 1332 usquc
884 1251 1005 1330 puellam

275 1335 320 1395 nd
329 1336 449 1397 mediam
458 1344 572 1397 noctem
583 1346 734 1415 exspecto;
751 1352 865 1398 somnus
880 1346 972 1396 tamen
982 1336 1073 1396 aufert

275 1417 413 1480 intentum
423 1421 536 1496 veneri,
549 1427 607 1480 tum
620 1421 760 1480 immundo
776 1423 883 1481 somnia
893 1421 956 1480 visu

213 1506 253 1569 85
275 1503 445 1584 Nocturnum
455 1509 566 1563 vestem
579 1503 717 1571 maculant
726 1513 911 1583 ventremque
923 1503 1061 1581 supinum.
1116 1551 1118 1559 ,

276 1585 413 1660 Quattuor
425 1586 490 1646 binc
502 1588 625 1664 rapimur
634 1590 733 1665 viginti
745 1592 774 1648 cl
786 1587 873 1648 millia
885 1587 992 1662 rhedis,

275 1669 397 1730 Mansuri
414 1669 569 1748 oppidulo,
588 1671 664 1749 quod
674 1691 760 1732 versu
772 1671 868 1732 dicore
878 1689 934 1732 non
950 1678 1004 1745 est,

276 1755 370 1832 Signis
383 1753 520 1832 perfacile
532 1763 589 1814 est:
602 1758 679 1815 venit
690 1755 825 1817 vilissima
836 1774 930 1816 rerum

275 1837 327 1897 llic
339 1856 426 1915 aqua,
443 1837 495 1897 sed
506 1840 586 1916 panis
599 1837 685 1916 longe
697 1839 918 1917 pulcherrimus,
934 1835 1005 1898 ultre

212 1925 253 1987 90
276 1920 400 1981 Callidus
411 1929 442 1979 ut
455 1921 546 1982 soleat
557 1923 680 1982 humeris
694 1932 807 2001 portare
818 1924 918 1984 viator.

210 2013 213 2018 '
274 2004 345 2066 Nam
357 2003 460 2064 Canusi
471 2005 633 2083 lapidosus,
650 2025 740 2084 aquae
752 2024 808 2066 non
820 2006 904 2068 ditior
914 2023 981 2066 urna

276 2088 331 2161 Qui
343 2088 423 2149 locus
437 2107 453 2148 a
465 2087 530 2148 lorti
541 2081 681 2151 Diomede
693 2099 737 2150 est
749 2090 878 2151 conditus
895 2088 971 2149 olim.

273 2171 420 2233 Flentibus
431 2172 497 2232 hinc
507 2168 608 2234 Varius
620 2172 741 2234 discedit
751 2183 874 2234 maestus
887 2173 993 2234 amicis.

274 2254 343 2316 lnde
354 2255 453 2316 Rubos
464 2255 534 2316 lessi
548 2260 742 2334 pervenimus,
760 2266 859 2335 utpote
870 2257 985 2334 longum
1057 2289 1059 2295 .

211 2344 251 2404 95
262 2337 431 2417 =Carpentes
441 2342 497 2400 iter
509 2348 537 2400 et
553 2340 657 2402 lactum
672 2341 940 2419 corruptissimum

273 2422 390 2482 Postera
403 2433 557 2502 tempestas
573 2425 690 2500 melior,
708 2426 754 2485 via
768 2427 850 2502 peior
862 2424 897 2485 ad
912 2439 1003 2500 usque

273 2506 337 2566 Rari
348 2509 459 2578 moenia
476 2510 583 2584 piscosi
595 2531 602 2576 ;
615 2509 679 2568 dein
692 2507 789 2568 Gnatia
801 2507 936 2586 Lymphis

264 2588 354 2650 ¹iratis
366 2599 508 2650 exstructa
522 2591 600 2652 dedit
608 2594 740 2669 risusque
751 2593 902 2670 iocosque,

273 2673 363 2750 Ilum,
380 2669 488 2734 flamma
502 2677 563 2734 sine
574 2677 655 2736 thura
667 2674 830 2754 liquescere
840 2673 935 2736 limine
946 2687 1040 2749 sacro,

193 2759 252 2823 100
273 2755 446 2818 Persuadere
460 2761 546 2836 cupit.
570 2757 673 2820 Credat
687 2757 808 2819 ludaous
818 2758 931 2837 Apelle,

273 2839 338 2901 Non
350 2858 421 2918 ego:
433 2859 553 2922 namque
564 2841 635 2903 deos
646 2842 732 2902 didici
743 2860 874 2904 securum
885 2859 972 2920 agere
981 2859 1093 2918 aevum,

272 2923 350 2996 Nec,
369 2927 393 2984 si
406 2924 473 3002 quid
483 2927 545 2986 min‘
560 2925 644 2988 iaciat
658 2935 770 3004 natura,
785 2926 856 2986 deos
868 2925 898 2986 id

274 3005 381 3068 Tristes
394 3027 431 3070 ex
445 3009 502 3069 alto
516 3009 592 3070 cccli
604 3009 751 3072 demittere
762 3019 852 3073 tecto.

272 3090 448 3154 Brundisium
459 3091 562 3172 longae
581 3094 643 3154 linis
657 3093 827 3172 chartaeque
841 3093 962 3172 viaeque
976 3100 1030 3152 cst.

600 3261 740 3268 -——-—---
