2556 3988
201 253 281 316 ora
577 193 863 310 nrrsnonsuuu‘
1033 245 1182 324 [nasac]
1225 213 1227 218 ’

221 407 282 472 240
303 403 449 486 lingeret,
465 412 513 464 aut
526 402 597 463 alius
606 401 733 482 Lysippo
745 401 861 462 duceret
872 418 939 462 aera

302 489 395 550 Fortis
406 486 558 550 Alexandri
567 485 673 547 ruitum
685 481 851 546 simulantia.
875 481 986 558 Quodsi
1269 477 1270 560 i

301 571 438 633 iudicium
448 569 551 632 subtile
562 567 691 630 ridendis
701 569 808 640 artibus
820 568 889 630 illud
954 619 959 638 ,
1269 567 1270 602 ³

301 655 345 716 Ad
356 655 444 716 libros
459 663 488 714 et
502 653 537 714 ad
548 653 620 716 baec
629 653 771 716 biusarnm
783 651 856 713 dona
867 669 1003 712 recanere

278 809 287 820 ⁶
302 739 440 800 Boeotum
450 740 480 799 in
493 754 591 798 masso
603 739 710 798 iurares
722 744 792 798 atre
802 744 906 798 natum.

220 824 279 886 tto
302 822 339 883 ts
347 841 440 902 neque
451 821 622 884 dedecorant
635 829 681 882 tua
694 820 730 882 de
742 839 774 880 se
786 820 889 880 iudicia
899 826 985 896 amne

301 905 431 983 biuueru,
449 921 521 984 quae
532 905 617 966 multu
628 905 718 965 dantis
733 921 797 964 cum
807 902 891 964 laude
901 901 1025 963 tulerunt

301 989 405 1051 Dilecti
416 991 468 1050 tibi
477 987 612 1068 Virgilius
623 989 781 1066 Variusque
794 995 910 1066 poetae,

237 1109 240 1126 ι
302 1073 363 1134 Nee
374 1075 465 1152 magis
476 1074 605 1151 expressi
616 1073 709 1134 unitas
721 1089 775 1151 per
784 1071 893 1132 ahenea
903 1072 994 1147 signe,

302 1157 393 1231 Quam
404 1175 457 1235 per
465 1159 538 1222 vatis
550 1173 622 1235 opus
634 1173 728 1216 mores
740 1157 881 1232 animique
891 1155 1015 1213 virorum

218 1244 279 1306 250
302 1239 446 1302 Clarorum
460 1249 606 1319 apparent.
627 1239 689 1300 Neo
701 1255 848 1300 sermones
863 1253 919 1315 ego
929 1235 1041 1296 maliem

301 1324 445 1402 Repentes
457 1341 509 1402 per
517 1323 645 1400 humum,
664 1342 746 1402 quam
757 1341 805 1384 res
817 1338 989 1400 componere
1004 1328 1116 1398 gestet,

301 1407 504 1486 Terrarumque
518 1409 588 1468 situs
599 1417 629 1468 ct
642 1407 753 1474 flumina
768 1407 864 1466 dicere
878 1414 906 1466 et
916 1421 998 1464 arces

299 1491 441 1552 Montibus
452 1493 598 1569 impositas
610 1501 639 1551 et
649 1492 765 1552 barbam
775 1509 877 1568 regna,
890 1489 1003 1566 tuisque

299 1575 444 1653 Auspiciis
457 1583 546 1636 totum
556 1577 687 1636 coniectu
698 1574 792 1638 duella
802 1591 856 1652 per
867 1572 975 1647 orbem,

156 1737 157 1742 ἵ
217 1662 276 1723 255
301 1657 485 1737 claustraque
496 1657 642 1720 custodem
658 1661 736 1738 pacis
751 1659 910 1718 cohibentia
922 1653 1028 1731 lanum,
1155 1717 1159 1722 ,

177 1795 181 1802 .
299 1741 337 1803 Et
346 1742 521 1804 formidatam
530 1740 638 1803 Parthis
648 1752 678 1804 te
690 1745 817 1822 principe
828 1741 957 1815 Romam,

300 1827 473 1905 Sirquantum
484 1843 636 1906 cuperem,
657 1844 773 1906 possem
787 1842 915 1906 quoque3
936 1822 989 1884 sed
1005 1840 1102 1900 neque
1120 1840 1181 1902 par·

432 1943 436 1950 ν
869 1927 934 1970 vum

300 1990 420 2052 Carmen
430 1994 561 2054 maiestas
571 1995 673 2073 recipit
684 2003 747 2071 tua,
763 2012 818 2054 uec
828 2011 908 2054 mens
919 1989 1002 2051 audet
1100 2025 1103 2030 -

298 2075 370 2136 Rem
379 2085 487 2136 tentare
501 2076 609 2155 pudor,
625 2097 709 2158 qnam
718 2081 795 2140 vires
807 2077 883 2140 ferre
893 2082 1036 2138 recusent.

216 2163 277 2226 260
299 2158 439 2248 sedulitas
450 2168 559 2238 autem,
576 2161 661 2222 stult'e
672 2181 757 2241 quern
768 2162 872 2240 diligit,
890 2167 982 2236 urget,

276 2303 285 2313 ,
297 2241 451 2321 Praecipue
463 2259 527 2306 euru
537 2263 570 2304 se
580 2249 703 2307 numeris
714 2245 891 2308 commendat
901 2253 930 2305 et
939 2250 1014 2304 erte:

297 2327 388 2386 Discit
400 2329 472 2388 cuitu
484 2329 566 2390 eitius
576 2332 758 2409 meminitque
768 2331 899 2392 libentius
911 2325 990 2401 illut,

184 2483 186 2488 ,
299 2409 382 2484 Quod
393 2413 457 2490 quis
469 2412 594 2491 deridet,
612 2433 695 2494 quarn
706 2415 784 2494 quod
796 2413 897 2493 probat
908 2420 936 2472 ct
947 2417 1110 2470 veneratur.

276 2492 345 2570 ,titt
355 2509 451 2556 morer
464 2497 602 2575 officium,
621 2499 876 2577 matusgum,
893 2515 926 2557 ae
937 2511 1032 2572 neque
1042 2493 1112 2553 iieto

214 2577 274 2644 265
296 2575 328 2638 ln
341 2579 424 2657 peius
435 2579 512 2640 vultu
524 2585 645 2660 proponi
656 2601 758 2643 cereus
769 2599 886 2662 usquam

201 2733 205 2742 ι
295 2659 358 2720 Neo
369 2679 454 2740 prave
465 2663 547 2726 factis
557 2665 685 2727 decorari
696 2667 827 2727 versibus
839 2673 920 2744 opto,

296 2743 464 2806 Nerubeam
475 2749 571 2827 pingui
587 2749 703 2812 donatus
716 2766 848 2825 munere,
867 2757 959 2808 etune

297 2825 367 2890 Cum
379 2832 519 2908 scriptore
530 2835 594 2893 ineu
607 2850 692 2912 capse
706 2843 856 2914 porrectus
866 2841 962 2910 aperta

295 2910 416 2974 Deierar
425 2915 453 2973 in
464 2917 558 2977 uicum
568 2917 734 2979 vendentem
744 2920 808 2979 tirus
822 2927 850 2977 et
859 2916 966 2978 odores
1053 2939 1056 2946 ·

213 2995 275 3060 tto
295 2993 332 3056 lit
347 2998 430 3076 piper
445 3007 473 3060 et
487 3000 623 3080 quidquid
635 3002 739 3064 chartis
750 3003 879 3064 amicitur
888 2998 1002 3078 ineptis.

616 3221 764 3232 —-—.....
