2536 3986
196 157 257 224 rus
413 111 416 115 ’
606 143 775 242 nrooon'

343 311 468 372 Furome
481 307 605 391 onemo,
622 334 657 378 an
667 319 739 395 rapit
751 321 795 378 vls
812 322 913 398 uerior,

392 396 436 456 An
452 395 553 475 eulpa?
574 397 753 477 Responsum
766 402 842 463 date!
855 439 892 449 -

193 478 231 538 15
342 475 458 558 Tacent,
472 489 501 540 et
511 498 560 541 ora
572 482 663 561 pallor
672 483 752 545 allum
763 486 850 546 inlicit

391 561 558 642 Mentesqne
571 567 719 643 perculsae
731 577 853 646 stupent.

342 646 390 706 Sio
405 656 462 707 est:
474 648 576 709 aoerba
586 649 642 710 iata
654 651 796 712 Romanos
818 663 903 732 agunt

344 728 345 733 ’
389 730 547 810 scelusque
558 732 696 794 fraternae
706 737 796 813 neeis,

337 813 374 873 Ut
386 816 556 874 immerentis
569 816 647 876 fluxit
659 819 687 877 in
698 827 799 880 terrum
814 820 895 882 Remi

189 897 230 959 20
309 892 312 903 '
389 897 477 957 Sacer
487 901 637 976 nepotibus
649 918 742 962 eruor.

591 1093 732 1106 ..n—*—

555 1258 655 1318 olm
667 1259 770 1320 vm.

429 1364 471 1416 IN
490 1365 878 1429 nNttM‘Lrutornosan

330 1471 444 1552 Rogare
455 1474 542 1554 longo
554 1477 675 1555 putidam
687 1488 716 1540 te
728 1483 854 1560 sueoolo,

378 1557 462 1617 Vires
474 1559 542 1637 quid
557 1572 673 1622 enervet
688 1582 776 1643 meus,

329 1637 400 1700 Cum
414 1643 450 1700 sit
461 1642 511 1702 tibi
525 1642 594 1702 dens
609 1654 683 1723 uter,
697 1657 725 1708 et
737 1651 816 1728 rugis
827 1659 909 1711 vetus

378 1721 510 1786 Frontem
524 1735 657 1788 seneetus
670 1739 778 1809 exaret,

201 1807 225 1876 5!
329 1805 451 1884 Hietque
464 1811 553 1887 turpis
566 1811 639 1871 inter
649 1813 739 1874 aridas
752 1825 831 1876 nates

377 1888 474 1951 l’odex
484 1892 561 1953 velut
576 1894 679 1955 crudae
689 1897 795 1959 bovisl

326 1972 384 2033 Sed
401 1975 497 2034 inuitat
510 1994 557 2036 me
570 1987 670 2054 peetus
685 1989 713 2039 et
723 1999 857 2043 mammae
869 1993 978 2064 putres,

374 2055 483 2135 Equina
495 2058 593 2138 quales
604 2062 699 2139 utera,

323 2139 487 2219 venterque
498 2142 590 2202 mollis
604 2153 632 2204 et
646 2145 737 2207 lemur
747 2151 916 2212 tumentibus

376 2222 459 2284 Exile
474 2227 546 2286 suris
558 2226 699 2289 additum?
877 2239 881 2248 '

322 2303 392 2367 Esto
404 2307 496 2385 beata,
509 2309 592 2370 iunns
606 2320 691 2390 utque
703 2313 839 2391 imagines
895 2341 898 2346 ¹

373 2390 484 2452 Ducant
497 2394 677 2471 triumphales
688 2404 775 2472 tuum,

322 2471 384 2532 Nee
395 2476 431 2534 sit
446 2477 556 2551 marita,
571 2496 643 2555 quae
654 2483 862 2548 rotundioribus

373 2556 479 2618 Onusta
491 2558 587 2620 baetis
599 2561 730 2623 ambulet.

324 2638 412 2716 Quid,
426 2640 502 2719 qnod
513 2640 602 2703 libelli
613 2646 696 2704 stoioi
709 2647 782 2709 inter
795 2643 904 2712 serioos

370 2722 468 2784 lucere
482 2724 616 2803 pulvillos
627 2726 738 2789 amant?

319 2803 445 2867 illiterati
455 2826 521 2868 num
531 2811 621 2871 minus
632 2814 714 2884 nervi
725 2815 827 2890 rigent,

368 2889 496 2952 illinusve
507 2890 621 2972 languet
631 2893 786 2956 fascinum?

320 2969 403 3044 Quod
414 2983 444 3034 ot
455 2977 578 3053 superbo
590 2992 731 3055 provoces
743 2980 777 3041 ub
789 2982 914 3061 inguine,

170 3053 210 3116 20
371 3056 427 3117 Ore
438 3058 643 3120 allaborandum
655 3071 698 3121 est
713 3063 773 3124 tibi.

570 3223 714 3232 ——--.-.

997 173 1149 258 [oeno]
