2536 3986
177 227 238 292 raa
588 223 743 286 urouon
997 227 1068 316 ¹[oa.
1084 227 1139 305 sa]

227 375 232 388 ’
299 379 401 438 Virens
412 376 676 446 inAetnabarbma;
696 387 743 453 tu,
760 377 853 438 denec
865 379 935 437 cinis

300 461 447 521 Iniuriosis
458 460 552 521 aridus
561 463 653 520 ventis
668 460 754 536 lerar,

176 546 216 608 35
303 543 387 605 Cales
397 545 515 604 venenis
527 544 639 604 officina
652 541 807 605 Colchicis.

179 691 187 698 ,
302 627 383 702 Quae
396 628 459 688 linis
470 636 517 688 aut
535 627 611 706 quod
622 645 667 686 nne
677 636 771 688 menet
785 623 976 706 stipendium?

300 711 409 787 Effare,
422 713 515 772 iussas
527 729 590 772 curn
602 710 657 770 lide
667 728 776 789 poenas
787 711 870 788 luam,

298 794 412 855 Paratus
426 797 559 873 expiare,
576 812 628 854 scu
641 797 811 872 poposceris

299 878 418 940 Centum
428 881 581 960 iuvencos,
598 878 659 937 sive
670 878 799 939 mendaci
812 877 873 954 lyra

299 962 389 1024 Voles
401 965 510 1023 sonari:
529 961 596 1038 „lu
605 963 737 1039 pudico,
752 971 783 1022 tu
789 963 891 1040 proba

299 1044 531 1123 „Perambulabis
546 1054 620 1106 astra
630 1045 709 1105 sidus
719 1046 869 1106 aureum.“
986 1101 988 1112 ,

298 1129 411 1190 lnlamis
425 1129 550 1189 Helenae
563 1126 664 1188 Castor
675 1128 800 1189 offensus
810 1130 875 1189 vice

297 1211 453 1292 Fraterque
464 1214 556 1290 magni
569 1209 694 1272 Castoris
704 1257 712 1288 ‚
724 1214 792 1272 victi
804 1229 902 1291 prece,

297 1297 417 1357 Ademta
427 1297 484 1358 vati
494 1294 644 1356 reddidere
654 1295 772 1356 lumina:
812 1349 824 1374 χ

297 1379 333 1440 Et
344 1390 374 1441 tu
386 1413 397 1426 -
412 1389 496 1459 petes
508 1398 572 1440 nem
583 1411 594 1423 ·
605 1378 744 1439 selverne
756 1379 904 1455 dementia,

295 1463 385 1524 Onec
395 1465 519 1542 paternis
531 1462 662 1523 obsoleta
673 1463 815 1540 sordibus,

293 1546 395 1625 Neque
405 1549 434 1607 in
452 1545 592 1626 sepulcris
604 1564 759 1625 pauperum
774 1546 897 1626 prudens
912 1564 980 1607 anus

296 1630 488 1691 Nouendiales
500 1629 639 1708 dissipare
650 1629 797 1709 pulveres!

295 1712 359 1774 Tibi
369 1713 509 1792 hospitale
521 1722 623 1791 peetus
634 1723 663 1786 et
672 1731 760 1792 purae
772 1731 879 1794 manus,

295 1795 539 1876 Tuusqueventer
548 1802 745 1876 Pactumeius,
759 1807 788 1858 et
796 1789 846 1858 tuo

296 1878 404 1941 Cruore
415 1882 516 1941 rubros
529 1881 667 1941 obstetrix
682 1897 790 1960 pannos
802 1881 879 1958 lavit,

294 1963 443 2043 Utcunque
455 1963 537 2025 fortis
549 1964 647 2024 exsilis
659 1982 809 2043 puerpera.

433 2114 610 2158 cumulati
630 2110 864 2157 RESPONSUM.

294 2227 369 2300 Quid
380 2229 520 2290 obseratis
531 2232 644 2292 auribus
656 2231 750 2293 fundis
760 2229 884 2310 preces?

292 2310 356 2372 Non
369 2331 437 2373 saxa
446 2312 527 2374 nudis
542 2315 671 2376 surdiora
684 2317 785 2376 nantis

293 2394 439 2473 Neptunus
451 2396 507 2458 ulto
523 2398 613 2459 tundit
626 2399 759 2459 hibernus
771 2398 842 2460 salo.
878 2417 884 2428 ⁸

291 2478 398 2539 lnultus
410 2489 440 2539 ut
450 2490 479 2540 tn
490 2483 588 2541 riseris
601 2480 726 2558 Cotyttia

165 2621 171 2629 ,
291 2561 429 2639 Vulgata,
444 2582 553 2624 sacrum
564 2564 646 2625 liberi
659 2564 816 2643 Cupidinis,

289 2644 326 2705 Et
336 2644 474 2724 Esquilini
487 2648 614 2724 porrotex
626 2650 749 2710 venelici

288 2727 406 2806 lrnpune
416 2738 447 2788 ut
456 2729 559 2792 Urbem
570 2735 683 2792 nornine
693 2733 821 2811 impleris
831 2729 916 2792 meo?

291 2812 366 2885 Quid
376 2811 510 2890 proderat
522 2814 627 2874 ditasse
638 2814 768 2894 Peliguas
780 2834 859 2892 anus,

235 2941 241 2954 ,
286 2895 460 2956 llelociusve
474 2899 623 2958 miscuisse
634 2897 780 2961 toxicum?

286 2978 345 3039 Sed
359 2979 482 3040 tardiore
492 2981 548 3040 lata
557 2989 586 3040 te
595 2985 671 3043 votis
681 2991 805 3051 manent;

286 3060 398 3139 Ingrata
409 3064 514 3124 misero
528 3066 585 3124 vita
601 3065 728 3128 ducenda
739 3076 784 3127 est
794 3070 823 3127 in
835 3067 902 3144 boc,

286 3144 375 3205 Novis
389 3156 521 3226 utusque
535 3159 670 3227 suppetas
681 3150 836 3211 laboribus.

287 3227 372 3305 Optat
384 3231 507 3307 quietem
517 3230 632 3310 Pelopis
644 3234 719 3294 inlidi
734 3243 825 3312 puter,

285 3309 381 3388 Egens
396 3313 536 3391 benignae
546 3314 677 3378 Tantalus
688 3334 802 3395 semper
813 3316 905 3395 dapis,
