2526 3986
110 215 296 292 [sparena]
533 211 643 276 amun
658 207 681 274 1.'

109 365 172 438 Quo
189 365 265 426 ducit
276 362 355 444 gula3
368 367 525 445 pisocmur,
539 383 691 443 venemur,
710 375 741 426 ut
756 366 823 428 olim

109 448 265 528 Gargilius,
281 452 332 532 qui
340 449 548 528 mane‘plagas,
563 449 719 526 venabula,
735 467 846 528 servos,

106 533 255 594 Differtum
265 536 383 602 transire
392 532 692 612 sommpopulumquc
702 533 825 612 iubebat,

106 617 185 677 Unus
196 626 226 677 ut
238 637 254 677 e
265 617 359 678 multis
370 617 477 696 populo
489 625 635 695 spectante
645 615 779 678 referret,
860 639 863 644 ·

105 699 216 761 Emtum
227 701 319 761 mulus
332 719 438 780 aprum.
469 699 554 761 Gmdi
564 699 718 778 tumidique
730 701 865 779 lavemur,
954 705 962 724 l

107 785 183 858 Quid
196 784 297 846 deceat
311 785 443 864 quidnon
455 784 550 860 obliti,
567 782 680 844 Caerite
694 802 760 845 cera

105 868 368 948 Digni,.remigium
378 872 510 930 vitiosum
520 860 677 928 Ithacensis
688 867 792 944 Ulixei,

106 949 159 1012 Cui
171 955 266 1030 potior
280 955 368 1033 patria
381 953 433 1013 luit
442 953 588 1026 interdicta
599 951 741 1030 voluptas.
772 993 774 996 -

108 1036 155 1112 Si,
171 1035 349 1097 Mimnermus
361 1039 401 1097 uti
414 1047 529 1114 censet,
546 1037 607 1096 sino
619 1053 714 1097 amore
725 1038 855 1115 iocisque

105 1118 152 1178 Nil
165 1129 209 1180 est
223 1121 388 1198 iucundum,
401 1123 480 1182 rivas
492 1122 519 1179 in
530 1137 626 1180 amore
639 1122 780 1200 iocisque.

104 1202 193 1282 Vivo,
208 1203 284 1264 vale!
300 1205 330 1266 Si
345 1205 525 1284 quidnoristi
539 1206 645 1264 rectius
658 1207 731 1282 istis,

57 1347 62 1352 ,
106 1283 249 1348 Candidus
260 1289 387 1368 imperti;
404 1291 428 1348 si
439 1306 512 1364 non,
527 1288 575 1347 his
583 1297 664 1349 utcre
675 1307 795 1348 mecum.

510 1425 666 1434 .--.---

418 1521 766 1588 EPISTOMVII.

329 1625 393 1679 An
428 1625 852 1682 ΜΑΕΟΕΝΑΤΕΜ.

107 1729 241 1809 Quinque
255 1727 318 1789 dies
334 1730 385 1790 tibi
399 1729 543 1808 pollicitus
555 1749 600 1791 mc
611 1749 676 1789 rure
688 1729 818 1804 futurum,

105 1813 242 1874 Sextilem
252 1822 341 1874 totum
352 1813 471 1874 mendax
485 1813 640 1875 desideras.
665 1814 751 1892 Atqui

105 1897 136 1957 si
147 1915 193 1956 me
204 1897 302 1956 vivere
314 1899 358 1956 vis
371 1916 467 1957 sanum
479 1897 617 1976 recteque
630 1897 778 1973 valentem,

106 1980 198 2054 Quam
208 1979 277 2039 milri
288 1979 337 2069 das
349 1997 454 2058 aegro,
473 1980 553 2040 dahis
566 1989 715 2058 aegrotare
725 1982 846 2055 timenti,

102 2063 273 2138 Maecenas,
289 2065 414 2140 veniam,
429 2064 493 2123 dnm
509 2065 579 2123 icus
593 2066 681 2142 prima
694 2064 828 2143 calorque

102 2147 323 2224 Designatorem
335 2147 451 2207 decorat
461 2147 607 2207 lictoribus
619 2151 696 2224 atris,

102 2231 178 2292 Dum
194 2231 289 2308 pueris
301 2233 391 2291 omnis
406 2240 525 2310 pateret
537 2231 689 2292 matercula
701 2231 798 2310 pallet,

103 2315 300 2393 Officiosaquc
312 2315 447 2376 sedulitas
459 2325 488 2374 ot
499 2315 593 2393 opclla
605 2315 728 2375 lorensis

102 2397 227 2458 Adducit
238 2398 334 2458 febres
347 2408 375 2459 et
385 2407 552 2460 testamenta
563 2401 698 2476 resignat.

102 2481 216 2554 Quodsi
228 2482 324 2542 bmma
334 2483 415 2556 nives
426 2482 543 2543 Albanis
557 2482 646 2543 illinet
657 2482 744 2559 agris,

101 2564 236 2628 Admana
248 2565 404 2627 descendet
418 2576 497 2628 vates
508 2576 572 2626 tuus
584 2575 613 2626 et
624 2566 678 2625 sihi
690 2573 788 2644 parcet

104 2647 332 2728 Gonosomsque
343 2649 436 2728 legem
454 2660 500 2727 tc,
520 2649 610 2710 dulcis
623 2652 729 2726 amice,
744 2649 851 2710 reviset

103 2730 177 2793 Cum
188 2733 344 2812 Zephyris,
364 2735 387 2793 si
400 2734 558 2810 concedes,
580 2743 609 2794 ct
620 2734 766 2793 himndiue
779 2733 876 2810 prima.

103 2813 186 2893 Non,
200 2834 257 2896 quo
268 2835 348 2878 more
359 2819 428 2896 piris
439 2820 519 2878 vesci
532 2816 653 2878 Calaber
666 2819 745 2877 iubet
756 2817 875 2894 hospes,

102 2897 146 2958 ‘lu
157 2918 203 2959 me
214 2901 307 2962 iecisti
319 2901 503 2981 locupletem.
531 2907 552 2974 i
561 2902 712 2979 „vescere
724 2901 811 2960 sodes
820 2900 851 2960 !“

103 2988 122 3054 9
135 2982 357 3048 lamentarent.
383 2987 532 3064 5„Attn,
547 2996 678 3066 quantum
688 2988 748 3062 vis,
760 2985 830 3045 tolle
840 2985 872 3045 !“
896 2978 986 3054 §Be-

758 3089 858 3147 myoe.
870 3089 873 3096 ’

102 3155 124 3221 5
135 3148 224 3228 „Non
235 3153 325 3214 invisa
335 3154 413 3214 lenes
425 3155 522 3232 pueris
533 3152 697 3214 munuscula
708 3155 839 3232 parvis.“

103 3239 123 3305 9
137 3233 212 3296 Tam
223 3243 327 3298 teneor
338 3238 433 3314 donc,
450 3256 541 3316 quom
555 3241 584 3299 εἰ
595 3239 731 3298 dimittor
741 3245 877 3300 mustus.

97 3323 123 3392 5
134 3315 196 3396 „Ut
206 3317 290 3378 libet:
302 3320 373 3380 lraec
389 3322 485 3399 porcis
497 3321 582 3380 hodie
594 3319 768 3382 comedenda
778 3321 956 3400 relinques.“
1039 3315 1042 3322 '
