2526 3986
210 196 333 284 noo*
578 181 793 308 §normann
862 275 867 290 s
1015 230 1169 310 [soar]

296 373 426 456 Erotem,
440 375 537 454 pluros‘
547 375 661 436 oaioneo
672 385 757 454 atque
773 369 872 434 caballi

295 458 449 536 Poscenti,
466 458 592 520 ducenda
603 460 746 537 petorrita.
773 456 854 517 Nune
865 458 934 539 mihi
943 467 1022 518 onrto

213 541 273 603 too
295 541 341 602 Ire
355 543 423 603 iioet
433 543 508 602 mulo
521 543 566 603 vel
578 545 602 603 si
613 543 681 604 libet
693 559 782 620 usqne
795 539 953 616 Tarentum,

295 625 415 686 Mantioa
423 628 468 688 oni
478 626 589 687 lumbos
599 643 685 690 onere
694 625 803 685 ulceret
810 631 992 702 atqneequeo
1004 643 1109 686 amoos:

297 709 511 770 Obiioietnomo
526 709 718 786 ominemini,
732 708 879 788 quartini,
895 708 973 781 tito,
1082 722 1088 742 ¹

203 788 206 796 ’
296 792 366 853 Gom
377 792 490 852 Tiburte
501 797 550 854 ria
560 803 718 872 praetorem
734 793 857 872 quinque
867 800 1021 875 sequnntur
1056 829 1058 836 ·

181 875 202 898 ²
296 876 337 937 Te
354 879 448 954 pueri,
461 877 585 938 lasanum
595 886 738 955 portantes
752 875 1012 952 oenophorumqne.

212 965 275 1026 110
295 959 430 1039 Hoo‚ego
446 961 619 1021 commodius
632 965 714 1039 qnam
727 970 776 1036 tu,
792 958 937 1037 praeclare
949 967 1072 1024 senator.

294 1043 418 1103 millibus
432 1053 516 1123 atque
528 1043 590 1104 aliie
601 1047 675 1104 viro.
720 1041 895 1124 Quocunque
905 1041 991 1102 libido
1006 1050 1060 1116 est,

294 1126 400 1187 incedo
411 1127 506 1203 aolus,
520 1137 671 1206 percontor
680 1129 776 1205 ‚quanti
788 1126 851 1187 olus
861 1143 894 1186 ao
905 1125 958 1200 far,
1045 1169 1047 1179 ,
1080 1156 1083 1165 ·

293 1209 433 1272 Faliaoem
446 1209 557 1271 Giroum
573 1214 820 1290 vespertinumque
833 1226 959 1288 pererro·

295 1295 388 1371 Saepe
398 1291 522 1371 Forum,¹
532 1295 638 1358 adsisto
651 1295 761 1370 divinis,
775 1293 839 1357 inde
853 1293 963 1354 domum
974 1310 1019 1350 mo

211 1383 269 1445 115
291 1378 336 1438 Ad
349 1381 426 1456 porri
442 1387 470 1437 et
482 1380 583 1438 oioerie
594 1379 688 1439 refero
703 1378 852 1457 laganique
865 1378 998 1448 oatinnm3

294 1460 390 1522 Coena
400 1463 568 1522 ministmtur
578 1463 790 1541 morionibus,
806 1471 834 1520 et
843 1460 916 1538 lapis
927 1459 1007 1520 alhns

292 1545 397 1605 Pooula
412 1563 474 1604 oum
491 1547 591 1620 cyatho
608 1547 662 1606 duo
676 1549 810 1622 sustinet,
826 1544 916 1606 adstat
928 1544 1043 1604 eoirinus

292 1629 378 1706 Vilis,
394 1647 456 1688 enm
467 1637 563 1705 patera
573 1639 684 1707 guttas,
704 1626 995 1707 Campanaeopeilon.

292 1712 402 1790 Deinde
413 1729 449 1771 eo
461 1712 607 1773 dormitum
617 1729 673 1772 non
685 1712 841 1789 sollicitus,
856 1711 922 1772 mihi
933 1708 1010 1789 quod
1021 1727 1084 1774 orae

210 1800 272 1862 120
295 1795 470 1875 surgendum
481 1799 517 1856 sit
528 1807 622 1873 manag
637 1796 781 1858 obeundus
792 1795 923 1872 tiamne,
938 1796 1029 1876 quise
1044 1871 1047 1880 ,

290 1879 492 1952 Vultnmierre
502 1890 587 1958 negat
597 1880 751 1942 Noviorum
762 1898 849 1961 posse
860 1881 984 1940 minoris.

290 1963 335 2024 Ad
347 1971 470 2041 quartam
481 1964 578 2036 iaoeo;
589 1974 655 2042 post
665 1966 736 2026 hano
745 1982 845 2044 vagor,
861 1972 908 2024 ant
919 1981 991 2040 ego,
1006 1961 1081 2020 leoto

291 2047 346 2107 Aut
358 2049 464 2124 scripto
476 2048 553 2126 quod
562 2067 607 2108 me
618 2051 732 2109 troitum
742 2053 836 2125 iuvet,
848 2065 939 2126 ungor
952 2046 1039 2120 olivo,

290 2131 354 2192 Non
367 2148 422 2208 quo
437 2130 570 2192 fraudatis
581 2133 736 2200 immundus
746 2133 829 2194 Natta
841 2132 972 2193 lucernis&

209 2219 268 2280 125
290 2216 342 2275 Ast
353 2215 400 2275 ubi
411 2232 456 2274 me
469 2214 576 2274 fessum
587 2216 632 2278 ool
645 2219 737 2278 aerior
750 2219 792 2276 ire
806 2214 926 2277 lavatum

289 2299 452 2375 Admonuit,
468 2299 547 2378 fugio
561 2298 693 2380 Campum
707 2301 854 2378 lusumque
865 2299 1013 2377 trigonam.
1092 2343 1099 2360 ,

289 2382 408 2442 Pransuo
419 2399 475 2445 non
486 2383 582 2461 avide,
596 2393 726 2463 quantum
737 2383 897 2462 interpellet
907 2384 983 2444 inani

289 2465 394 2529 ventre
405 2466 478 2526 diem
490 2467 604 2545 durare,
619 2469 788 2529 domestions
800 2469 882 2528 otior.
905 2466 981 2526 Haeo
995 2473 1039 2524 ost

289 2549 353 2609 Vita
365 2549 519 2609 solutorum
528 2554 629 2613 misera
641 2553 790 2613 ambitione
802 2553 953 2630 gravinum

208 2635 268 2696 130
288 2632 395 2693 Hieme
409 2633 828 2712 oonsolorviotornmsuavius,
843 2652 877 2694 ao
888 2636 913 2694 oi

291 2717 431 2792 Quaestor
442 2735 510 2777 arno
522 2729 602 2797 pater
613 2728 697 2798 atque
707 2739 787 2780 mene
799 2728 970 2797 patruusque
983 2717 1094 2777 inisset.

546 3117 727 3174 §MIRA
738 3115 821 3171 vll.

287 3213 439 3296 Proscripti
450 3218 538 3297 Regio
549 3219 645 3298 Rupili
657 3237 710 3298 pue
720 3229 805 3299 atque
818 3237 955 3285 venenum
1013 3187 1020 3194 ⁸

287 3297 411 3374 Hybrida
422 3301 574 3380 qno'paoto
587 3306 622 3364 eit
631 3301 744 3364 Persius
759 3303 848 3381 nitus,
862 3305 962 3383 opinor
