2556 3990
105 245 237 314 [oona]
513 235 623 298 uincit
638 236 661 298 1.

227 373 416 451 mersisne.
437 387 535 467 „illala
547 390 627 451 ducis
638 391 683 452 avi
695 389 817 465 domum,

231 472 346 551 „Quam
358 472 445 534 multo
456 483 568 553 repetet
581 471 699 552 Graecia
712 472 811 549 milite,

232 555 408 635 „coniurata
421 567 482 618 tuas
498 575 629 635 rumpere
640 541 752 634 nasptias

287 675 290 682 ·
309 640 369 718 „Et
380 659 498 719 regnum
509 638 609 719 Priami
621 649 713 700 vetus.

230 764 317 843 „lien
326 765 382 825 heu
396 775 514 844 quantus
527 766 620 844 equis,
634 773 753 843 quantus
768 763 848 824 adest
857 765 926 824 viris
947 751 956 768 '

230 848 368 926 „Sudori¹
379 858 481 928 quanta
493 866 592 910 moves
603 849 702 908 funera
715 847 862 908 Dardanae

230 931 350 1010 „Gentil
365 930 422 993 lam
433 931 543 1012 galeam
553 931 644 992 Pallas
656 941 685 991 et
701 931 802 1009 acgida

305 1014 495 1096 „currusque
507 1025 536 1076 et
546 1017 653 1076 rabiem
665 1025 753 1093 parat.

229 1138 449 1220 „Nequicquam
459 1139 580 1200 Veneris
593 1139 734 1218 praesidio
750 1139 833 1198 ierox

107 1297 110 1303 Ι
228 1221 353 1301 „Pectes
373 1225 539 1300 caesariem,
552 1233 689 1302 grataque
700 1223 812 1283 feminis

230 1305 363 1384 „lmhelli
374 1308 480 1368 cithara
492 1309 613 1368 cannina
627 1307 748 1375 divides;

305 1390 527 1470 „Nequicquam
539 1391 660 1452 thalamo
672 1409 776 1469 mares

229 1514 353 1593 „Hastae
367 1524 395 1575 et
406 1515 504 1575 calami
517 1514 627 1594 spicula
639 1513 738 1576 Gnosii

162 1593 166 1604 '
229 1596 361 1676 „Vitahis
375 1602 581 1679 strepitumque
592 1609 621 1660 et
635 1599 760 1660 celerem
775 1598 857 1678 sequi

228 1682 382 1760 „hiaecmz
399 1692 490 1744 tamen
501 1684 557 1744 heu
569 1702 650 1744 serus
662 1681 807 1745 adulteros
892 1742 894 1750 s

299 1763 426 1842 „Crines
442 1767 561 1847 pulvere
576 1767 706 1828 collines.

229 1887 316 1966 „Non
328 1888 505 1967 Laertiaden,
520 1894 635 1952 exitium
650 1901 715 1954 tuac

203 1999 206 2010 =
229 1971 355 2049 „Genti,
381 1991 437 2035 non
449 1973 556 2050 Pylium
572 1975 694 2036 Nestora
709 1972 850 2054 respicis?

229 2055 362 2136 „Urgent
372 2058 506 2136 impavidi
518 2067 548 2117 te
560 2058 726 2118 Salaminius

302 2139 438 2218 „Teucer
454 2149 483 2200 ei
497 2139 659 2218 Sthenelus,
672 2143 766 2202 sciens

227 2264 374 2343 „Pugnae
387 2267 450 2325 siue
462 2283 535 2344 opus
548 2275 592 2326 est
602 2268 763 2345 imperitare
776 2270 868 2347 equis,

227 2347 314 2425 „Non
326 2351 422 2427 auriga
434 2351 530 2428 pipam
546 2349 694 2410 lilerionen
706 2370 820 2430 quoque

227 2429 373 2509 „Nosces
396 2433 475 2496 Ecce
487 2433 553 2493 imit
569 2443 597 2494 te
608 2437 735 2512 reperire
747 2445 828 2496 atrox

303 2515 452 2595 „Tydides
464 2517 566 2578 melior
577 2526 667 2596 patre,

226 2642 344 2720 „Quem
354 2653 396 2721 tn,
409 2662 511 2704 cervus
523 2646 562 2704 uti
573 2643 655 2704 vallis
670 2645 698 2704 in
710 2644 797 2705 altera

227 2726 350 2803 „Visum
363 2737 443 2805 parte
455 2727 552 2806 lupum
568 2731 701 2807 graminis
716 2731 870 2807 immemor,

225 2809 369 2894 „Sublimi
384 2812 477 2890 fugies
489 2812 583 2873 mollis
595 2812 729 2890 anhelitu,

304 2894 393 2971 „Non
403 2897 460 2956 hoo
474 2895 620 2975 pollicitus
631 2905 706 2956 tuae.

227 3017 388 3095 „iracunda
402 3020 477 3082 diem
489 3022 617 3099 proierei
630 3019 683 3081 llio

227 3102 446 3184 „Matronisque
457 3104 598 3184 Phrygum
613 3105 714 3164 classis
727 3103 863 3175 Achilleh

227 3184 320 3264 „Post
333 3198 424 3250 certas
436 3190 544 3249 hiemes
559 3197 621 3248 uret
632 3187 774 3249 Achaicus

305 3269 405 3351 „ignis
417 3272 518 3334 iliacas
531 3273 667 3333 domos.“

514 3405 660 3416 ——.——-
