2526 3986
105 228 253 307 [saanq'
378 240 385 246 ·
422 275 452 289 Α.
495 224 653 288 ιιιιιιιιι.
939 171 941 178 “
1008 224 1070 292 175

190 376 392 478 Quinquenues
405 377 485 438 clean
498 388 543 438 eat
554 387 582 438 et
593 359 734 440 silvestria
746 396 842 456 corna,

188 461 296 526 Acnisi
305 472 437 524 mutatum
449 464 538 540 parcit
549 462 704 523 defundere
718 465 811 524 vinum
818 470 879 540 ‚et,

189 544 277 606 Cuius
289 545 406 607 odorem
418 546 475 608 clei
486 564 613 625 nequeas
628 536 790 624 perferre‚·
778 547 899 606 ·licebit

187 627 240 688 llle
251 632 380 708 repctra
396 629 503 690 natales
514 631 622 690 almare
635 629 742 690 dierum
973 695 980 710 ι
1024 629 1067 694 60

141 712 144 716 ’
186 712 291 774 Festos
303 713 411 774 albatus
424 713 572 774 celebret·
561 731 673 776 -ccruu
686 716 750 792 ipse
761 700 853 774 bilibri

188 795 464 874 Caulibusinstillat,
483 799 862 875 veterienonparcueuceti.

187 880 270 954 Quali
282 884 367 960 igitur
377 885 453 942 victu
466 885 697 959 sepimentum,
714 890 746 941 et
753 881 852 940 borum

186 965 283 1025 Utrum
304 963 474 1029 imitabitur?
506 965 566 1026 llac
589 973 671 1044 urget
691 965 792 1044 lupus,
816 965 869 1024 hac
891 965 977 1040 canis,

690 1053 776 1110 aiunt.

185 1131 305 1192 blundus
318 1135 385 1210 erit,
399 1135 447 1212 qui
457 1152 514 1194 non
525 1132 647 1194 offendat
658 1127 806 1208 serdibus,
825 1140 911 1210 atque
1022 1134 1061 1196 65

185 1214 217 1276 ln
232 1225 356 1276 neutram
368 1226 475 1298 partem
487 1217 577 1281 cultus
591 1220 686 1278 mirer.
704 1217 758 1276 Hie
769 1233 863 1295 neque
876 1218 977 1292 servis,

149 1355 153 1358 .
184 1299 280 1360 Albuti
291 1303 368 1361 senia
381 1301 527 1380 exemplo,
542 1301 606 1368 dum
617 1303 709 1362 munia
722 1300 800 1376 didit,
861 1360 863 1368 ,

185 1383 293 1444 Saevus
305 1386 374 1462 erit,
392 1403 462 1462 nec,
477 1389 519 1446 sic
530 1395 561 1445 ut
571 1385 692 1464 simplex
701 1384 843 1461 Naevius,
857 1392 967 1442 unctam
1026 1381 1028 1390 '

186 1465 319 1531 Convivis
344 1469 492 1546 praebebit
512 1486 625 1549 aquam:
657 1471 754 1528 vitium
779 1468 835 1528 hcc
864 1484 978 1546 quoqne

684 1572 728 1612 ma
749 1571 823 1612 num.

183 1635 293 1713 Accipe
303 1653 393 1712 nunc,
403 1637 495 1697 vietus
507 1638 599 1700 tenuis
611 1654 684 1715 quae
697 1572 855 1715 qugantaque
870 1651 967 1694 eccum
1020 1633 1064 1696 70,
1114 1689 1117 1696 .

183 1717 300 1780 Aderat.
316 1719 355 1779 'ln
366 1721 462 1798 primis
473 1720 570 1780 valeas
579 1719 669 1780 bene:
684 1738 748 1780 nam
759 1721 853 1780 variae
863 1735 911 1778 ree

182 1801 220 1862 Ut
230 1812 349 1863 noceant
359 1805 479 1879 homini,
493 1803 608 1879 credas,
617 1821 729 1863 vnrenrcr
739 1801 815 1862 illius
826 1819 923 1879 escae,

184 1884 264 1959 Quae
275 1886 396 1964 simplex
406 1886 473 1946 clim
486 1888 536 1946 tibi
552 1887 671 1960 sederit,
686 1895 714 1947 at
727 1885 894 1946 simulastis

148 1985 154 1996 ⁴
181 1969 332 2030 iliacueris
345 1968 535 2046 elixa,.simul
547 1970 694 2045 conchylia
704 1970 803 2046 turdis,
840 2041 843 2046 ,

181 2051 284 2112 Dulcia
295 2071 327 2112 se
339 2054 367 2112 in
377 2051 466 2112 bilem
475 2061 586 2112 vertent
597 2054 800 2132 stomachoque
810 2051 955 2114 tumultum
1021 2054 1060 2118 75

182 2135 268 2196 beuta
278 2136 353 2196 feret
367 2137 475 2213 pituita.
497 2135 602 2212 Vides,
621 2146 650 2196 ut
662 2136 782 2214 pallidus
794 2138 883 2196 omnis

183 2217 280 2279 (leena
287 2219 424 2306 desurgat
440 2217 543 2279 dubia?
563 2220 636 2292 Quin
649 2237 753 2298 corpus
766 2227 896 2279 onustum

181 2277 328 2366 Hesternis
339 2305 414 2362 vitiis
427 2305 545 2364 animum
557 2321 671 2381 quoque
683 2301 946 2380 praegravatum,

181 2387 276 2466 Atque
287 2387 376 2466 alligit
386 2388 470 2446 hume
482 2387 591 2446 divinae
602 2386 765 2464 particulam
776 2403 869 2444 aurae.

181 2470 278 2546 Alter,
291 2470 425 2531 ubidictc
438 2471 519 2531 citius
532 2472 734 2548 curatasopcri
1016 2474 1056 2557 80

181 2515 306 2615 llemllm
318 2553 393 2614 dedit
395 2562 531 2632 ,vegetus
543 2556 719 2631 praescripta
730 2552 765 2613 ad
775 2553 866 2612 munia
877 2556 975 2632 surgit.

180 2637 234 2698 llrc
245 2647 337 2700 tamen
348 2638 384 2704 ad
393 2637 494 2698 melius
505 2639 609 2717 potent
619 2647 809 2698 transcurrere
823 2637 971 2716 quondam,
1037 2651 1041 2666 '

180 2722 248 2787 Sive
259 2722 333 2784 diem
347 2722 450 2782 tastum
464 2721 577 2782 rediens
591 2721 735 2782 advexerit
745 2739 832 2780 annus

180 2806 238 2866 Seu
248 2823 377 2866 recreare
388 2805 466 2866 valet
476 2813 617 2866 tenuatum
629 2820 750 2883 corpm,
764 2804 869 2882 ubique

178 2889 324 2952 Accedent
335 2891 398 2952 anai
410 2892 559 2950 attractari
570 2889 772 2950 molliusaetas
1015 2889 1055 2951 85

178 2972 324 3034 imbecilla
334 2973 427 3043 volet;
442 2975 493 3034 tibi
506 2973 636 3052 quidnam
647 2973 766 3034 accedet
777 2971 811 3030 ad
822 2973 913 3046 istam,

180 3055 269 3130 Quam
282 3075 353 3135 puer
364 3067 392 3117 et
409 3057 518 3118 validus
529 3059 702 3136 praesumis,
715 3053 871 3130 mollitiem,
885 3071 938 3114 eeu

177 3139 255 3202 Dura
264 3141 396 3202 valetudo
408 3141 537 3203 inciderit
548 3159 599 3200 seu
610 3140 687 3201 tarda
701 3135 855 3200 senectus'l

177 3224 331 3284 Rancidum
343 3243 439 3304 aprum
451 3227 555 3303 antiqui
566 3223 729 3300 laudabant,
743 3237 800 3283 ncn
812 3223 876 3300 quia
886 3239 971 3282 nasus

178 3306 238 3368 lllia
249 3307 341 3368 nullus
353 3318 422 3385 erat,
431 3307 493 3385 sed,
502 3307 600 3384 crede,
608 3309 661 3368 bac
669 3317 774 3383 mente,
784 3305 860 3385 quod
870 3307 977 3384 boapea
1013 3308 1054 3368 90
