2556 3990
195 203 220 251 X
542 197 554 224 ‘
581 197 787 276 eumenum.

92 413 95 422 ,
196 348 308 429 dolosis,
336 357 475 430 quodalii
488 363 606 412 tuentur.
619 357 751 420 -,ibid.
772 374 812 412 νε.
832 355 1056 434 descripturum
1069 317 1171 410 obditis

196 444 319 502 Blandin.
334 442 477 512 antiquiss.
498 442 668 512 aliorumque
685 441 830 496 multorum
847 435 918 513 (vid.
932 457 976 511 ap.
989 433 1085 512 Feam)
1102 438 1172 494 lubo-

196 529 288 583 rarirtt
303 542 358 581 non
370 524 532 580 commutavi
550 541 611 580 eum
621 525 798 590 laborarunt,
819 523 894 594 quod
906 528 949 578 est
962 519 991 578 in
1007 523 1069 577 aliis
1088 522 1173 578 bonae
1273 521 1274 524 ’

196 617 278 666 notae
290 609 371 665 eodd.
382 637 425 648 —
444 607 514 663 lbid.
528 625 568 663 νε.
581 612 614 666 81
628 608 691 662 loeo
704 625 719 663 a
732 606 908 664 variisvarie
924 612 1028 661 tentato
1040 605 1117 677 nolui
1128 605 1174 660 de-

197 710 293 750 serere
309 693 473 764 scripturam
491 691 617 747 eodieum
635 685 800 748 auctoritate
812 691 949 746 firmatam.
962 717 1004 732 -·
1027 691 1105 767 12sp
1126 704 1175 744 cur

149 795 152 804 ·
196 777 263 831 mibi
274 792 335 831 eum
347 775 472 848 plurimis
487 774 568 830 oodd.
578 779 637 831 ser.
650 775 766 839 retinui;
790 789 850 829 nam
862 773 936 843 quod
951 789 1040 845 nuper
1055 771 1174 845 epaueis

197 860 277 916 oodd.
291 859 426 914 dederuut
436 858 588 930 prodeundi,
605 859 649 929 id,
668 863 744 912 reete
762 857 901 913 iudicante
914 856 1111 924 Stallhaumio‚
1129 872 1175 928 eu-

140 971 144 984 ’
197 944 237 999 ris
255 942 493 1012 grammaticorum
510 942 635 998 debetur.
652 969 695 982 -
721 941 790 996 lbid.
809 943 881 998 vsi
899 941 1008 996 restitui
1022 938 1075 1006 Qut
1093 939 1176 994 sudor

149 1027 154 1038 '
197 1025 242 1081 vel
254 1032 370 1098 propter
381 1042 501 1097 sequens
514 1032 540 1081 et
549 1043 631 1098 quum
641 1025 731 1080 malus
742 1029 814 1093 ete,
830 1038 882 1094 pro
894 1022 974 1090 Quis,
994 1023 1069 1094 quod
1080 1039 1176 1102 nomen

198 1110 314 1180 quaerit.
332 1137 374 1152 --
396 1115 439 1179 13,
455 1114 473 1167 3
487 1112 569 1164 amici
582 1125 642 1164 eum
660 1108 740 1163 eodd.
760 1105 878 1175 retinui,
900 1123 1060 1178 quamquam
1079 1111 1176 1178 postea

197 1209 238 1248 vs.
252 1197 268 1251 6
283 1191 318 1248 ad
329 1209 423 1262 unum,
439 1199 573 1266 tamquam
586 1191 707 1248 convivii
722 1190 920 1258 ordinatorem,
941 1191 1031 1246 oratio
1042 1205 1177 1245 conversa

198 1281 249 1330 est.
295 1277 423 1332 bieineke
443 1283 507 1349 post
524 1276 675 1332 Bentleium
689 1273 783 1328 amice.
794 1301 837 1312 -
863 1279 913 1341 15,
929 1277 954 1331 8.
968 1278 985 1332 9
1002 1273 1137 1328 Turboret
1149 1279 1178 1328 et

198 1361 324 1430 apitoret,
347 1377 407 1416 oum
424 1361 586 1432 optimorum
609 1358 742 1413 librorum
760 1357 1079 1426 auotoritatetirmetur,
1101 1355 1177 1414 nolui

199 1450 363 1499 commutare
375 1459 435 1498 oum
448 1441 579 1496 Turbarit
590 1446 618 1496 et
633 1443 756 1512 opiterit,
771 1438 847 1511 quod
860 1440 1017 1511 Beothius,
1034 1456 1114 1511 quem
1128 1457 1177 1494 nu-

198 1543 252 1598 per
267 1528 355 1583 secuti
372 1532 435 1581 sunt
446 1525 537 1595 Haupt
553 1530 581 1579 ot
589 1525 731 1594 tremene,
753 1541 769 1579 e
786 1524 893 1580 duobus
911 1524 991 1580 eodd¹
1012 1530 1039 1580 et
1056 1524 1177 1580 editione
1228 1549 1232 1562 1

198 1609 365 1664 Looheriana
380 1607 495 1677 recepit.
508 1634 551 1647 -
569 1612 617 1677 16,
629 1613 662 1666 14
677 1624 737 1663 eum
749 1607 929 1664 Stallhaumio
950 1609 984 1663 ad
1001 1609 1081 1664 iidem
1097 1608 1175 1664 eodd.

198 1691 321 1746 biandin.
342 1690 512 1762 aiiorumque
530 1690 640 1746 restitui
657 1690 748 1763 Nesos
766 1691 853 1747 uideri
870 1706 922 1762 pro
944 1691 1058 1762 vulgato
1077 1691 1177 1748 videre.

198 1774 281 1828 Recte
296 1778 437 1844 eomparat
450 1790 476 1828 v.
493 1773 519 1828 d.
539 1772 650 1844 0u.1v‚
664 1775 745 1845 259.
763 1803 807 1816 -·-
827 1773 897 1831 ibid.
914 1789 955 1829 νε.
969 1779 1004 1832 33
1015 1775 1186 1846 scripturam·

199 1856 278 1911 oodd.
292 1855 414 1911 Blandin.
429 1855 600 1928 aliorumque
617 1858 781 1931 optimorum
794 1871 893 1925 ravos,
907 1858 960 1913 iam
974 1859 1018 1914 ed.
1030 1859 1063 1914 V.
1080 1874 1179 1930 reeep-

198 1946 262 2008 tam,
273 1956 328 1996 nou
344 1940 524 2011 adspernatus
537 1958 611 2006 sum;
628 1941 778 1998 Stallhaum
789 1943 886 2013 flavos·
898 1968 941 1984 -
954 1942 1025 1998 ibid.
1042 1959 1083 1998 νε.
1097 1945 1130 2002 65
1144 1941 1179 1998 ad

198 2023 376 2093 scripturam,
398 2023 508 2095 optimis
526 2024 605 2081 eodd.
626 2027 772 2096 firmatam,
799 2026 871 2082 Aere
891 2024 989 2081 debinc
1004 2041 1076 2080 nune
1097 2025 1179 2081 etiam

197 2105 362 2162 bieineiiium
376 2107 528 2164 revertisse
541 2110 659 2179 gaudeo.
672 2138 716 2150 -
737 2115 785 2180 17,
802 2113 837 2168 ot
852 2109 953 2164 retinui
974 2109 1112 2165 laboribus
1127 2124 1178 2180 pro

198 2187 348 2258 doloribus,
371 2190 445 2260 quod
463 2208 480 2246 e
497 2192 665 2262 glossemate
682 2193 832 2265 irrepsisse
844 2193 953 2248 videtur
970 2193 999 2248 iu
1011 2199 1178 2262 contextum,

199 2277 227 2327 et
243 2270 310 2327 ibid.
322 2275 358 2333 ’18
372 2279 400 2328 et
412 2277 445 2332 79
458 2277 575 2343 possim,
595 2292 647 2347 pro
665 2293 719 2347 quo
737 2276 886 2334 Stallhaum
905 2293 920 2330 e
938 2275 1018 2330 oodd.
1035 2276 1179 2332 nonnullis

193 2367 307 2426 possum
324 2357 445 2429 seripsit.
464 2385 506 2398 -
535 2351 604 2413 ibid.
624 2376 665 2414 νε.
681 2364 716 2418 81
733 2377 784 2434 pro
803 2362 893 2416 exitus
905 2357 999 2428 reeepi
1012 2357 1180 2430 seripturam

122 2493 128 2502 ,
197 2439 308 2510 optimis
324 2441 404 2496 eodd.
420 2441 550 2496 firmatam
561 2443 673 2498 ercitum.

280 2519 407 2580 (tarmen
422 2519 558 2582 sedulare
578 2541 619 2580 νε.
636 2531 669 2585 27
688 2527 798 2582 servavi
814 2541 874 2580 eum
892 2523 1036 2580 eodieibus
1051 2525 1178 2582 Blandin.

197 2604 322 2660 omnibus
342 2607 460 2678 aliisque
477 2607 568 2662 multis
583 2615 686 2678 seruet,
708 2609 782 2681 quod
802 2608 942 2682 reperitur
961 2607 1043 2664 etiam
1060 2609 1088 2663 in
1110 2625 1182 2666 eou-

197 2692 273 2741 textu
287 2687 475 2759 Stallhaumii,
497 2706 656 2762 quamquam
673 2692 786 2748 innotis
802 2689 981 2746 indicativum
996 2708 1055 2748 eum
1070 2691 1180 2749 Orellio

197 2786 227 2824 se
245 2787 374 2828 servasse
387 2774 433 2829 uit.
449 2801 493 2813 -
514 2773 582 2829 ibid.
595 2780 683 2835 vs.‘65
699 2789 750 2847 pro
762 2787 857 2842 arces,
879 2775 953 2844 quod
966 2775 993 2829 in
1008 2775 1181 2832 editionibus

196 2852 336 2923 prioribus
353 2854 514 2927 legebatur,
537 2873 597 2913 oum
615 2859 694 2914 eodd.
708 2857 831 2914 Blandin.
845 2857 963 2929 aliisque
981 2859 1062 2914 bouis
1075 2859 1181 2930 seripsi

195 2950 325 2990 oras·
350 2938 419 2994 lbid.
439 2957 483 2995 νν.
501 2945 543 2999 68.
559 2944 601 2998 71.
614 2945 648 2999 72
670 2957 731 2995 oum
747 2940 872 2996 omuibus
895 2941 956 2996 iere
977 2942 1180 3022 antiquissimis

134 3041 136 3045 ’
196 3020 276 3074 eodd.
294 3026 322 3074 et
338 3028 405 3077 vett.
424 3023 592 3080 editionibus
610 3024 720 3080 restitui
731 3023 922 3096 Proropot—
933 3024 1181 3096 Curat-Appli-

194 3108 253 3170 cat,
269 3119 320 3176 pro
332 3105 430 3175 quibus
443 3105 539 3163 Stalib.
553 3124 650 3164 errore
668 3111 718 3164 suo
730 3110 826 3165 duetus
839 3125 874 3164 ex
885 3107 1001 3179 Argent.
1014 3108 1047 3163 A.
1063 3109 1183 3180 seripsit

194 3183 328 3258 Proropet
336 3217 378 3227 —
390 3188 472 3245 Curet
480 3219 523 3229 -
532 3191 664 3263 Applicat

277 3267 403 3330 Satirar.
413 3269 492 3330 liber
506 3271 530 3331 1.
573 3274 630 3332 Sat.
645 3285 677 3346 1,
693 3276 806 3334 Setiam
823 3277 938 3331 innova
956 3275 1079 3331 editione
1095 3275 1183 3331 omisi

194 3353 346 3426 priosum,
363 3355 410 3411 ubi
421 3356 508 3412 Bentl.
527 3353 572 3432 (et
588 3366 651 3433 post
669 3377 730 3416 eum
741 3360 867 3416 bieiueke
885 3359 1020 3432 inpriore
1035 3354 1182 3432 editione)
