2526 3986
200 217 262 282 mo
565 217 794 281 sarnanum
1006 178 1079 299 [sd.
1090 229 1114 282 1.
1125 223 1163 300 ιι]

167 395 177 404 ι
283 371 321 432 Ut
336 372 633 446 metireturnummos‚
649 373 687 428 ita
701 371 849 447 sordidus,
869 380 899 430 ut
913 389 946 430 se

284 454 349 514 Non
361 471 481 531 unquam
493 471 577 514 servo
588 453 689 514 melius
701 455 834 530 vestiret,
850 453 886 514 ad
896 473 988 532 usque

262 535 452 615 Supremum
466 546 592 616 tempus,
607 555 643 596 ne
657 540 919 616 sepenuriaviotus
1026 593 1029 597 .

285 620 479 699 Opprimeret‚
491 621 640 680 metuebat.
674 619 1011 681 Albunolibertaseouri

203 705 264 766 100
284 704 388 764 Diuisit
400 703 535 780 medium,
550 705 702 764 fortissima
714 702 940 779 Tyndaridarum.

285 785 387 861 §Quid
397 789 434 846 mi
445 788 530 865 igitur
540 785 662 848 suadesl
672 787 710 847 Ut
719 790 810 848 vivam
819 787 962 865 Maenius,
979 797 1026 848 aut
1036 789 1089 863 sio,

284 871 321 932 Ut
334 870 544 931 Nomentanus?
555 871 683 948 §Pergis
695 873 847 949 pugnantia
862 890 959 931 seeum
1068 926 1071 930 .

284 954 434 1015 Frontibus
451 954 578 1016 adversis
588 957 780 1032 'componere:
795 972 851 1014 non
865 973 937 1034 ego,
952 973 1065 1016 avarum

286 1037 356 1100 Cum
369 1047 436 1114 yeto
450 1047 479 1098 te
491 1039 570 1116 lieri,
586 1056 706 1116 vappam
721 1039 806 1098 iubeo
817 1056 851 1099 ao
864 1039 1043 1105 nebulonem.

202 1120 262 1184 105
283 1121 353 1182 Est
344 1129 416 1181 ruter
426 1121 529 1183 Tanain
541 1121 670 1201 quiddam
681 1139 869 1202 socerumque
879 1122 989 1182 Viselli.

210 1267 218 1272 ,
283 1205 336 1266 Est
349 1205 469 1265 modus
460 1225 488 1265 ιιι
501 1207 601 1282 rebus,
618 1215 682 1265 suut
694 1208 762 1265 certi
775 1206 897 1284 denique
908 1206 989 1280 lines,

216 1270 365 1363 Quos
376 1289 447 1348 ultra
459 1291 584 1368 citraque
597 1292 695 1368 nequit
707 1291 863 1349 consistere
874 1298 991 1349 rectum
1006 1323 1043 1332 -

282 1371 368 1448 illue,
381 1372 455 1432 unde
466 1375 520 1433 abii
528 1372 661 1448 ‚redeo‚
675 1375 722 1449 qui
737 1389 840 1449 nemo,
859 1380 889 1431 ut
904 1389 1006 1432 avarus

285 1457 322 1515 Se
335 1457 480 1534 probatae
495 1459 590 1534 potius
601 1456 696 1516 laudet
707 1455 817 1516 diversa
832 1465 996 1534 sequentes,

202 1543 262 1604 110
284 1539 424 1619 Quodque
439 1538 529 1602 aliena
541 1539 649 1617 capella
659 1548 740 1618 gerat
755 1539 902 1602 distentius
916 1539 997 1614 uber,

283 1622 423 1683 Tabeseat
429 1641 545 1701 ,neque
556 1641 589 1682 se
600 1625 697 1682 maiori
709 1625 918 1701 pauperiorum

230 1698 395 1767 Turbae
415 1715 574 1784 comparet,
599 1707 673 1766 huno
690 1715 775 1785 atque
794 1707 868 1766 huno
888 1721 1022 1848 supqrare
1037 1703 1075 1762 la·

861 1791 942 1850 boret

285 1875 333 1932 Sio
346 1873 485 1934 festinanti
497 1891 611 1952 semper
621 1871 907 1950 locupletior-obstat,

208 2006 209 2011 1
283 1955 336 2032 Ut,
351 1975 414 2016 eum
426 1957 586 2017 oaroeribus
597 1959 700 2016 missos
713 1959 786 2032 rapit
796 1956 900 2034 ungula
914 1973 1021 2030 currus,

200 2037 261 2100 115
283 2038 371 2110 instat
382 2043 462 2118 equis
473 2042 569 2116 auriga
582 2058 650 2099 suos
662 2040 854 2115 vincentibus,
870 2039 947 2098 illum

251 2160 256 2166 -
283 2123 464 2183 Praeteritum
475 2132 603 2183 temnens
615 2131 756 2182 extremos
768 2123 841 2182 inter
853 2131 974 2182 euntem.

284 2206 353 2266 lnde
370 2207 417 2282 lit,
433 2217 463 2267 ut
473 2224 556 2282 raro,
569 2209 617 2284 qui
628 2225 662 2266 se
673 2207 781 2264 vixisse
791 2206 904 2265 beatum

283 2289 366 2349 Dicat
378 2299 406 2348 et
417 2299 516 2350 exacto
529 2299 677 2349 contentus
689 2298 818 2365 tempore
829 2291 885 2349 vita

179 2378 181 2386 ’
284 2371 374 2432 (ledat
385 2376 424 2432 uti
439 2375 558 2433 oonviva
570 2382 661 2449 satur,
674 2373 801 2449 reperire
814 2389 957 2450 queamus.
972 2405 1009 2415 -

283 2454 341 2514 lam
357 2459 425 2516 satis
438 2464 491 2515 est.
534 2456 579 2516 Ne
593 2475 638 2515 me
655 2454 778 2532 Crispini
789 2458 891 2515 serinia
904 2455 975 2531 lippi

284 2535 461 2617 Compilasso
477 2548 577 2616 putes,
594 2539 711 2600 verbum
722 2554 779 2602 non
790 2537 909 2615 amplius
921 2536 1029 2597 addam.

603 2717 756 2724 .-.-—-.-.

561 2855 746 2940 saulus
756 2855 810 2910 11.

281 2963 496 3024 Ambubaiarum
511 2961 649 3041 collegia,
665 2963 911 3041 pharmacopolae,

169 3115 173 3122 f
281 3045 418 3122 Mendici,
433 3049 549 3122 mimae,
566 3046 743 3123 balatrones,
756 3048 813 3107 boo
824 3064 915 3124 genus
928 3063 1010 3106 omne

280 3129 417 3190 Maestum
431 3149 464 3190 ao
479 3129 630 3191 sollicitum
645 3139 690 3191 est
702 3133 823 3191 cantoris
837 3137 926 3189 morte
938 3129 1056 3208 Tigelli:

281 3213 395 3296 Quippe
405 3215 546 3291 benignus
558 3224 626 3274 erat.
651 3213 753 3274 Contra
765 3214 822 3289 hio,
835 3231 871 3273 ne
884 3212 1021 3291 prodigus
1032 3231 1098 3273 esse

237 3296 256 3360 5
278 3297 395 3356 Dicatur
407 3305 549 3373 metuens,
567 3299 645 3374 inopi
658 3297 724 3356 dare
735 3297 806 3355 nolit
820 3298 923 3372 amieo,
