2536 3986
115 239 182 316 [ou.
196 233 249 315 11.]

513 227 624 290 LIBER
636 226 674 291 ll.

397 461 400 470 r
509 411 610 470 omo
626 411 689 472 XI·

259 496 263 514 ι
374 547 421 600 ΑΙ)
441 545 632 610 QUINTIUM
651 545 840 600 HIRPINUM.

272 667 347 742 Quid
363 665 521 728 bellicosus
532 663 673 727 Cantaber
691 675 718 726 et
730 666 862 743 Scythes,

270 752 386 830 Hirpine
400 749 508 828 Quinti,
524 751 632 828 cogitet
642 748 744 810 Hadria

322 835 438 895 Divisus
450 835 576 910 obiecto,
591 834 717 893 remittas

378 916 534 995 Quaerere,
546 933 600 977 nco
611 915 738 995 trepides
750 917 778 975 iu
789 933 868 976 usum

272 1069 421 1131 Poscentis
432 1072 496 1130 aevi
506 1087 610 1149 pauca:
625 1067 697 1146 fugit
708 1075 784 1128 retro

272 1152 356 1214 Levis
368 1154 495 1214 iuventas
509 1162 537 1214 et
549 1152 648 1229 decor,
662 1149 738 1212 arida

323 1235 450 1298 Pelleute
461 1237 586 1298 lascivos
598 1253 708 1296 amores

375 1318 487 1381 (lanitia
500 1321 669 1399 facilemque
684 1336 820 1380 somnum.

275 1475 338 1536 Non
350 1485 463 1552 semper
472 1471 547 1532 idem
558 1472 675 1548 floribus
687 1480 732 1532 est
742 1471 832 1531 honor

274 1559 386 1636 Vemis‚
398 1575 492 1637 neque
503 1574 558 1618 uno
572 1556 636 1618 luna
647 1555 751 1616 rubens
766 1557 836 1615 uitet
889 1627 891 1640 ἱ

327 1641 426 1702 Vultu:
446 1640 513 1721 quld
525 1644 645 1701 aeternis
658 1641 793 1699 minorem

380 1724 514 1787 Consiliis
525 1726 644 1785 auimum
655 1720 777 1801 fatigas?

279 1877 337 1938 Gur
346 1895 402 1938 nou
414 1877 466 1938 sul)
482 1875 536 1936 alta
546 1876 592 1936 vel
606 1875 718 1955 platano
729 1874 777 1935 vel
788 1875 841 1936 hac

277 1961 345 2022 Piuu
362 1963 488 2021 iacentes
504 1961 547 2019 sic
557 1968 663 2020 temere
678 1968 706 2018 et
722 1975 789 2020 rosa

332 2043 426 2104 Canos
438 2042 547 2106 odorati
559 2042 689 2120 capillos,

384 2125 458 2187 Dum
468 2124 547 2202 licet,
561 2124 736 2204 Assyriaque
746 2126 832 2187 nardo

281 2278 412 2340 Potamos
425 2273 521 2336 uncti?
543 2275 670 2355 Dissipat
680 2277 768 2340 Euius

283 2361 371 2424 Cures
385 2361 499 2421 edaces.
524 2357 595 2434 Quis
608 2377 678 2438 puer
689 2364 769 2422 ocius

331 2446 500 2524 Restinguet
509 2443 631 2504 ardentis
641 2440 751 2522 Falerni

386 2526 491 2589 Pocula
503 2535 699 2606 praetereunte
710 2527 842 2608 lympha?

285 2675 355 2754 Quis
368 2680 478 2741 devium
489 2690 613 2741 scortum
628 2680 723 2743 eliciet
734 2679 817 2740 domo

273 2762 398 2843 ¹Lyden?
418 2764 541 2841 Ebuma‚
558 2764 604 2824 dic
619 2783 684 2845 age,
702 2763 835 2842 cumlpra

336 2847 464 2926 maturet,
476 2850 504 2909 in
518 2846 637 2908 comtum
648 2849 793 2912 Lacaenae

389 2931 469 2996 Mora
482 2949 577 2996 comas
591 2932 708 3014 religata
721 2932 839 2994 nodum!

568 3127 688 3138 *a
