2526 3986
120 219 189 296 [sue
204 219 241 296 n]
545 218 740 294 urruns,
898 171 905 182 ’
1022 220 1084 286 rao

205 367 273 440 JAt
284 368 357 431 bona
369 387 433 450 pars
444 372 586 432 hominum
600 372 720 452 deeepta
732 371 864 450 cupitline
875 371 959 449 ialso,

204 452 276 530 „Nil
290 457 358 514 satis
370 459 460 532 est,“
473 458 577 534 inquit,
602 459 692 534 „quia
702 457 785 531 tanti,
809 457 999 534 quantumha·
1101 467 1143 568 >p

703 539 789 614 heas,
807 542 881 598 sis.“

204 623 225 690 5
236 619 311 693 Quid
322 621 410 681 iacias
423 619 485 681 illi?
500 621 601 682 lubeas
613 625 744 682 misemm
756 641 832 698 esse,
846 622 967 684 libenter

205 702 349 775 Quatenus
360 703 388 764 id
399 705 482 764 iacit:
497 715 527 765 ut
538 706 650 785 quidam
660 715 828 766 memomtur
838 706 956 766 Athenis

204 786 341 848 Sordidus
352 806 386 846 ao
401 788 498 866 dives,
512 789 610 868 populi
624 799 804 849 contemnere
814 806 904 850 voces
1041 793 1080 853 65

94 929 97 933 .
204 869 252 930 Sio
266 871 381 931 solitus:
397 871 545 951 „Populus
559 892 604 932 me
618 872 721 948 sibilat,
735 881 762 932 at
775 873 841 931 mihi
853 872 956 951 plaudo
972 924 979 932 ,

203 952 294 1034 „lpse
306 954 392 1032 domi,
405 955 487 1015 simul
499 975 532 1017 ao
542 974 670 1017 nummos
682 955 859 1034 contemplor
869 959 897 1016 in
908 959 1008 1018 aroa.“

203 1035 334 1098 Tantalus
346 1057 362 1098 a
373 1038 459 1098 labris
470 1041 568 1100 sitiens
584 1041 721 1118 fugientia
733 1049 827 1116 captat

202 1119 328 1182 Flumina
340 1167 348 1182 .
361 1173 368 1184 .
382 1167 390 1182 .
408 1122 482 1196 Quid
493 1121 591 1185 rides?
602 1123 708 1184 llutato
720 1125 833 1183 nomine
846 1122 880 1183 de
892 1132 921 1182 te

201 1203 308 1266 Fabula
319 1216 458 1267 narratur:
474 1211 618 1286 congestis
630 1207 858 1285 undique-saeuis
1040 1212 1082 1274 70

104 1351 106 1354 ,
201 1285 338 1350 indormis
349 1291 457 1350 inhians
481 1303 510 1353 et
530 1289 660 1370 tahquam
672 1307 789 1369 parcere
801 1291 889 1350 saeris

203 1370 324 1449 Cogeris
336 1383 383 1434 aut
397 1377 481 1452 piotis
492 1384 623 1454 tanquam
635 1373 760 1452 gaudere
773 1372 895 1433 tabellis.

202 1454 305 1516 Nescis
317 1457 478 1536 quoualeat
488 1456 636 1537 nummus?
652 1475 736 1537 quem
751 1457 885 1536 praebeat
896 1455 997 1518 usum?

201 1537 283 1598 Pauis
295 1551 416 1618 ematur,
434 1541 514 1618 olus,
530 1544 588 1602 vini
600 1544 758 1617 sextarius,
771 1541 854 1617 adde,

204 1621 274 1694 Quis
286 1625 403 1686 humana
418 1627 472 1685 sihi
485 1626 579 1686 doleat
594 1636 690 1687 natura
700 1627 822 1703 negatis.
1040 1626 1079 1687 75
1104 1649 1109 1658 ’

201 1705 246 1765 An
255 1707 374 1785 vigilare
387 1719 462 1768 metu
475 1713 645 1786 exanimem,
660 1718 819 1787 noctesque
835 1707 954 1786 diesque

202 1787 364 1851 Formidare
375 1792 464 1852 malos
476 1793 571 1870 fures,
588 1791 732 1868 incendia,
746 1809 857 1867 servos,
1011 1792 1017 1806 ”

140 1933 145 1951 ,
202 1872 246 1932 Ne
256 1882 285 1932 te
298 1875 451 1952 oornpilent
461 1873 621 1953 fugientes,
636 1877 692 1934 hoo
703 1873 799 1935 iurati
813 1874 919 1934 llorum

202 1956 323 2034 Semper
334 1975 389 2034 ego
402 1961 725 2036 optarimpauperrimus
737 1973 802 2018 esse
813 1960 960 2018 honorum.

201 2039 269 2109 §At
280 2041 305 2099 si
316 2039 460 2100 condoluit
470 2050 604 2100 tentatum
619 2042 726 2118 frigore
741 2059 844 2118 eorpus
1039 2043 1080 2103 80

200 2125 258 2182 Aut
269 2122 340 2182 alius
353 2141 435 2182 casus
447 2123 523 2184 leuto
538 2133 567 2183 te
577 2124 682 2200 affixit,
695 2124 782 2185 hahes
794 2128 842 2204 qui

200 2205 348 2283 Assideat,
360 2206 484 2266 fomenta
496 2216 591 2284 paret,
608 2207 747 2267 medioum
758 2217 859 2285 roget,
876 2216 906 2268 ut
917 2215 946 2266 te

202 2291 327 2349 Suseitet
337 2307 371 2349 ao
385 2288 483 2349 reddat
493 2293 584 2368 gnatis
597 2293 727 2368 carisque
740 2292 917 2368 propinquis.

200 2377 220 2444 ll
231 2373 295 2432 Non
308 2389 379 2432 uxor
390 2373 498 2432 salvum
511 2383 540 2434 te
554 2372 630 2448 vult,
642 2391 699 2432 non
710 2374 797 2441 lilius;
809 2390 907 2432 omnes

199 2457 291 2515 Vioiui
303 2455 423 2516 oderunt
440 2459 514 2532 noti,
533 2457 613 2534 pueri
627 2465 712 2535 atque
723 2457 846 2534 puellae.
913 2479 914 2482 ¹
1038 2457 1077 2517 85

200 2539 325 2615 lliraris,
340 2556 401 2600 oum
422 2549 452 2600 tu
462 2549 659 2618 argento-post
678 2542 770 2600 omnia
783 2557 884 2618 ponas,

201 2624 230 2682 Si
241 2640 325 2682 nemo
338 2633 478 2701 praestet,
492 2641 575 2701 quem
590 2641 646 2682 non
657 2625 809 2700 merearis,
825 2617 973 2682 amorem‘l

199 2707 236 2766 ht
253 2709 277 2766 si
290 2715 447 2784 cognatos,
466 2706 544 2766 nullo
555 2715 651 2766 natura
662 2707 761 2767 labore

200 2790 280 2863 Quos
291 2791 341 2850 tibi
354 2791 415 2867 dat,
431 2792 554 2851 retinere
565 2789 638 2850 velis
651 2808 823 2868 servareque
834 2790 951 2863 amieos,

199 2872 300 2933 Infelix
312 2891 427 2952 operam
439 2873 598 2952 perdastut
612 2876 636 2933 si
651 2876 713 2952 quis
727 2873 845 2934 asellum
1037 2870 1078 2933 90

199 2955 232 3016 In
243 2974 343 3036 campo
356 2957 459 3018 doceat
473 2966 618 3036 parentem
632 2975 746 3037 ourrere
756 2954 854 3017 irenis.

199 3039 330 3118 Denique
342 3043 378 3101 sit
393 3043 455 3102 linis
471 3040 634 3120 quaerendi,
651 3059 771 3120 cumque
782 3040 887 3100 habeas
899 3038 973 3117 plus,

199 3122 365 3200 Pauperiem
377 3134 485 3186 metuas
496 3127 587 3185 miuus
599 3133 627 3184 et
638 3124 718 3184 linire
729 3124 855 3184 laborem

175 3253 177 3264 .
199 3205 337 3285 Incipias,
351 3218 431 3286 parto
444 3207 520 3287 quod
531 3207 654 3284 evehas,
666 3226 703 3267 uo
713 3207 801 3268 iacias
813 3205 889 3285 quod

199 3289 372 3352 Nummidius
384 3292 504 3372 quidam.
530 3290 596 3350 Non
606 3288 692 3367 longa
704 3300 748 3351 est
757 3291 866 3351 fabula:
879 3289 969 3367 dives,
1036 3287 1075 3350 95
