2526 3986
74 263 79 277 x
120 186 225 277 [ttpist.'
234 201 269 276 1.]
524 195 633 298 LIBRI}
648 193 685 255 ll.

121 351 214 417 castis
225 369 289 413 uum
300 351 395 430 pueris
407 351 503 428 ignara
513 349 608 427 puella
619 350 709 408 mariti

117 436 250 497 Disceret
261 435 335 496 unde
346 451 466 513 preces,
481 443 575 493 vatam
585 435 613 492 ui
624 431 704 492 illusa
716 427 860 494 dedisset?
887 461 890 467 ·

104 521 107 525 ’
117 519 214 580 Poscit
224 537 309 599 opem
320 519 423 578 chorus
435 526 464 576 et
476 519 634 595 praesentia
645 519 755 576 numina
766 517 861 592 sentit,

120 603 270 666 Caelestes
284 590 843 680 implorataqdasdoctapreceblaudus‚
950 667 953 673 ¹

117 689 227 747 Avertit
238 687 370 762 morbos,
387 685 535 746 metuenda
545 683 672 762 pericula
683 681 773 761 pellit,
829 729 835 736 .

118 770 252 850 Impetrat
263 780 293 830 et
303 787 403 848 pacem
415 778 444 830 et
452 768 627 846 locupletem
638 767 766 845 frugibus
777 783 887 826 annum.

120 853 248 916 Carmine
263 853 291 914 di
303 856 399 932 superi
411 853 571 932 placantur,
590 854 712 912 carmine
722 849 829 910 blance.

118 937 270 1017 Agricolae
281 940 385 1016 prisci,
403 939 492 998 iortes
505 953 650 1014 parvoque
665 935 750 1010 beati,
810 963 815 982 ι

119 1019 239 1082 Condita
253 1031 318 1100 post
329 1022 465 1082 frumenta
479 1019 606 1080 levantes
617 1029 746 1096 tempore
755 1017 833 1078 ¹leste
1024 1018 1085 1080 140

119 1105 232 1183 Corpus
246 1115 275 1166 et
288 1108 380 1184 ipsum
391 1107 511 1174 mirum
524 1122 576 1182 spe
589 1104 651 1164 linis
664 1102 730 1162 dura
742 1103 889 1177 ferentem,

56 1216 60 1225 ‘
119 1187 190 1251 (lum
201 1191 288 1251 sociis
299 1204 435 1268 operum,
456 1190 552 1267 pueris
565 1196 593 1248 et
605 1189 726 1264 coniuge
738 1186 802 1262 lida,

118 1271 259 1334 Tellurem
273 1290 382 1352 porco,
402 1273 544 1334 Silvanum
558 1271 632 1333 laete
646 1269 767 1348 piabant,

117 1356 248 1418 Floribus
260 1365 289 1418 et
298 1360 365 1418 vino
379 1355 498 1418 Genium
508 1373 661 1418 memorem
672 1355 768 1436 brevis
780 1355 852 1414 aeri.

117 1439 292 1502 Fescennina
303 1458 355 1520 per
364 1441 438 1502 hunc
449 1443 561 1501 iuventa
571 1439 684 1500 licentia
695 1453 802 1498 morem

116 1525 253 1586 Versibus
263 1524 378 1586 alternis
390 1525 543 1604 opprobria
554 1526 659 1584 rustica
672 1522 752 1599 ludit,

76 1683 79 1688 Ι
117 1604 302 1688 libertasque
314 1618 492 1670 recurrentes
503 1617 621 1686 accepta
633 1624 686 1684 per
696 1622 785 1668 annos

114 1691 193 1752 Lusit
205 1692 375 1770 amabiliter,
392 1692 484 1754 donec
495 1694 550 1758 lam
560 1709 664 1752 saevus
676 1700 801 1768 apertam

114 1773 148 1836 ln
159 1777 264 1838 rabiem
276 1779 373 1855 coepit
383 1779 454 1836 verti
466 1779 547 1836 iocus
562 1785 591 1836 et
604 1793 658 1853 per
666 1776 801 1835 honestas

114 1857 162 1919 Ire
173 1859 273 1920 domos
284 1863 399 1938 impune
410 1863 511 1920 minax.
533 1859 660 1919 Doluere
673 1867 789 1918 cruento

113 1941 208 2002 Dente
221 1943 363 2020 lacessiti,
382 1943 434 2002 luit
445 1944 556 2010 intactis
571 1959 687 2020 quoque
699 1951 765 2002 odra

115 2025 285 2086 (lambitione
298 2043 385 2104 super
398 2027 554 2101 communi,
573 2028 639 2103 quin
650 2027 733 2085 etiam
744 2024 791 2084 lex

46 2130 53 2142 r
112 2109 266 2187 Poenaque
277 2109 349 2185 lata,
362 2109 436 2170 malo
450 2127 523 2187 quae
536 2108 625 2169 nollet
636 2111 758 2170 carmine
770 2125 937 2187 quemquam

112 2191 261 2262 Describi;
278 2202 391 2253 vertere
402 2193 533 2269 modum,
545 2192 793 2258 formidine'lustis
867 2224 869 2230 ·

112 2277 158 2336 Ad
170 2278 243 2336 bene
257 2276 404 2336 dicendum
415 2276 669 2354 delectandumque
680 2275 798 2336 redacti.

97 2401 100 2408 ι
114 2360 234 2422 Graecia
246 2369 328 2438 capta
339 2361 430 2420 lerum
441 2363 579 2421 victorem
590 2362 684 2437 cepit,
704 2368 734 2418 et
743 2368 818 2420 artes

111 2443 208 2506 Intulit
219 2446 324 2522 agresti
334 2441 427 2512 Latio:
447 2443 631 2506 sichomidus
642 2443 690 2502 ille

110 2528 238 2590 Deduxit
248 2547 380 2588 uumerus
392 2529 552 2604 Saturnius,
564 2537 593 2588 ct
604 2545 691 2606 grave
703 2528 780 2588 uirus

110 2612 265 2673 blanditiae
280 2612 436 2691 pepulere;
451 2611 503 2690 sed
514 2613 542 2672 iu
552 2611 668 2690 longum
679 2622 771 2672 tamen
782 2629 881 2681 aarum
912 2680 918 2690 ,

111 2696 275 2757 blanserunt
290 2696 433 2775 hodieque
445 2705 559 2758 manent
567 2699 689 2774 vestigia
701 2698 787 2756 ruris.

113 2782 200 2841 Serus
213 2783 287 2840 enim
303 2779 420 2842 Graecis
432 2781 555 2842 admovit
565 2783 691 2842 acumina
703 2781 815 2856 chartis,

112 2864 150 2924 Et
161 2873 226 2943 post
239 2862 344 2926 Punica
355 2864 430 2926 bella
442 2867 553 2944 quietus
568 2865 826 2944 quaerereeoepit,

114 2948 189 3022 Quid
201 2948 363 3027 Sophocles
378 2959 407 3010 et
418 2949 539 3029 Thespis
552 2959 581 3010 et
591 2949 752 3025 Aeschylus
763 2948 831 3008 utile
842 2946 956 3014 ferrent.

113 3032 241 3092 'lentavit
253 3051 368 3112 quoque
379 3051 439 3094 rem
451 3035 475 3094 si
487 3034 694 3112 dignemertere
706 3042 817 3111 posset,

111 3115 149 3176 lit
160 3116 265 3194 placuit
275 3118 346 3194 sibi,
360 3127 456 3181 natura
468 3118 594 3179 sublimis
607 3128 636 3178 et
646 3135 727 3178 acer:

112 3198 183 3259 llum
194 3202 282 3278 spirat
292 3205 429 3280 tragicum
441 3205 509 3264 satis
521 3211 549 3262 et
560 3202 682 3272 feliciter
692 3199 786 3276 audet,

113 3282 170 3344 Sad
182 3293 292 3364 turpem
304 3295 382 3366 putat
392 3288 493 3348 inseite
504 3289 660 3366 metuitque
671 3286 789 3355 lituram.
