2536 3986
114 223 304 322 [osseas]
506 235 680 308 uluuuru.

267 390 381 452 Summo
394 391 535 466 carmine,
548 407 621 467 qnae
634 387 742 452 Gnidon

317 473 531 553 Fulgentesque
543 481 620 532 tenet
631 470 768 548 Cycladas
782 481 811 534 et
822 471 937 552 Paphon

181 591 184 598 ι
232 565 236 578 “
266 557 372 619 lunetis
387 559 455 616 visit
467 556 610 623 oloribus;

316 641 435 702 Dioetur
445 642 544 700 merita
556 654 614 730 uon
625 655 740 718 quoque
750 643 842 702 nenia.

477 963 577 1022 omo
588 963 720 1020 xxlx.

397 1073 450 1125 AD
479 1071 795 1124 ΜΑΕΟΕΝΑΤΕΜ.
860 1129 862 1134 ,

266 1182 408 1260 Tyrrhena
418 1201 517 1262 regum
533 1184 704 1262 progenies,
723 1183 774 1242 tibi

264 1265 328 1328 Non
340 1275 404 1328 aute
413 1283 498 1326 verso
510 1265 575 1327 lene
589 1285 696 1327 merum
712 1265 793 1326 eado'

316 1349 386 1411 (lum
395 1351 483 1426 llore,
495 1349 663 1425 Maecenas,
678 1365 806 1409 rosarum
820 1358 848 1409 et

250 1457 260 1470 ⁸
359 1432 461 1494 Pressa
471 1435 527 1493 tuis
540 1433 656 1493 balanus
669 1432 779 1511 capillis

265 1555 426 1618 Iamdudum
437 1557 512 1636 apud
526 1577 571 1617 me
584 1568 642 1618 est:
655 1559 773 1635 eripete
788 1575 894 1635 morae,

265 1641 309 1702 Ne
321 1658 435 1720 semper
449 1641 533 1702 udum
545 1641 630 1700 Tibur
641 1650 671 1700 et
684 1640 807 1701 Aesulae

315 1725 436 1794 Declive
452 1724 653 1802 contempleris
664 1741 759 1784 arvum
771 1733 801 1783 et

359 1807 497 1886 Telegoni
510 1809 576 1886 iuga
591 1808 757 1886 parricidae.

266 1937 454 2018 Fastidiosam
466 1941 568 2000 desere
581 1924 692 2017 copiam
704 1949 732 1998 et

266 2017 372 2079 llolem
387 2023 573 2098 propinquam
584 2022 706 2081 nubibus
715 2021 820 2097 arduis,

182 2115 184 2118 ·
319 2101 424 2162 Omitte
436 2106 528 2161 mirari
543 2103 644 2162 beatae
784 2098 786 2102 ’

270 2188 273 2197 ’
358 2184 476 2245 dunum
488 2194 517 2244 ot
529 2202 601 2262 opes
612 2188 817 2264 strepitumque
827 2185 946 2245 Romae.

266 2307 435 2388 Plerumque
447 2317 544 2386 gratae
556 2309 688 2368 divitibus
698 2311 777 2368 viees

266 2391 446 2471 dlundaeque
459 2409 546 2471 parvo
559 2393 611 2452 sul)
623 2392 682 2455 lare
694 2409 848 2470 paupemm

319 2475 435 2538 Goenae
450 2481 512 2536 sine
524 2475 632 2536 aulaeis
649 2482 677 2534 et
691 2483 770 2535 ostro

360 2559 518 2620 Sollieitam
530 2560 694 2636 enpliouere
706 2559 836 2618 frontem.

268 2683 326 2744 lam
338 2684 430 2745 elarus
446 2686 588 2748 oeoultum
600 2684 797 2746 Andromedae
809 2690 889 2760 pater

270 2767 399 2830 Ostendit
413 2771 526 2848 ignem,
542 2772 596 2829 iarn
609 2767 739 2845 Proopon
752 2769 819 2828 furit

319 2851 357 2912 ldt
367 2851 449 2914 stella
460 2855 558 2915 res'ani
572 2853 676 2913 Leonis

361 2935 431 2996 Sole
443 2931 504 3022 dies
515 2937 659 2997 referente
674 2937 784 2996 siooos:
844 2917 846 2930 ¹

267 3057 327 3120 lam
337 3068 436 3138 pastor
449 3063 561 3122 umbras
574 3079 637 3121 oum
651 3077 741 3138 grege
753 3059 885 3138 languido

268 3142 429 3224 llirumque
443 3145 539 3205 fossus
554 3147 664 3224 quaerit
675 3153 704 3203 et
714 3141 819 3203 homidi

319 3225 440 3288 Dumota
457 3229 577 3305 Silvani,
596 3236 729 3306 caretque

365 3311 439 3389 Ripa
449 3315 531 3390 vagis
543 3312 678 3373 taciturna
691 3312 794 3370 ventis.
