2536 3986
559 181 760 254 cuicuinus!

317 441 321 450 ·
427 397 429 403 ’
557 433 831 491 omnm·

455 533 513 588 uo
542 536 580 589 m.
611 535 851 593 nouorum.

321 697 365 760 Ne
380 697 455 758 iorte
467 695 566 756 credas
579 698 733 773 interitura,
750 715 834 776 quae,
871 729 873 734 ·

320 781 417 860 Longe
429 790 575 842 sonantem
585 789 666 840 natus
678 779 712 840 ad
723 779 873 860 Aulidem,v
957 810 960 834 ι

370 865 434 926 Non
445 873 510 925 ante
524 864 653 942 vulgatas
665 873 801 942 perantes

334 999 336 1004 .
410 949 505 1010 Verba
516 947 619 1028 loquor
628 949 763 1009 socianda
779 949 911 1014 chordis:

319 1082 399 1159 Non,
413 1084 437 1142 si
449 1084 560 1160 priores
570 1081 717 1144 Maeonius
728 1091 807 1144 tenet

318 1165 409 1226 Sedes
423 1165 578 1242 Homerus,
591 1165 754 1229 Pindaricae
765 1167 851 1228 latent

370 1249 504 1329 Ceaeque
516 1259 545 1310 ei
553 1249 652 1310 Alcaei
667 1253 790 1311 minaces

410 1334 625 1413 Stesichorique
637 1353 740 1411 graves
751 1333 904 1408 Camenae;

316 1467 393 1544 Nec,
406 1465 510 1546 siquid
524 1467 591 1528 olim
601 1467 670 1528 lusit
680 1469 838 1547 Anacreon,

319 1551 434 1612 Delevit
446 1559 523 1632 aetas
535 1574 543 1621 ;
567 1554 655 1630 spirat
667 1551 758 1612 adhuc
770 1569 848 1614 amor
959 1563 969 1626 J

366 1635 526 1713 vivuntque
539 1637 681 1695 commissi
693 1635 803 1700 calores

408 1717 525 1779 Aeoliae
537 1719 637 1780 fidibus
649 1719 770 1798 puellae.

258 1853 262 1874 '
315 1851 379 1914 Non
391 1852 452 1913 sola
464 1861 573 1912 comtos
584 1856 652 1913 arsit
661 1852 778 1914 adulteri

305 1934 417 1997 *Crines
428 1945 457 1996 et
468 1955 565 1996 aurum
575 1939 705 1998 vestibus
716 1937 817 1998 illitum

366 2018 464 2080 llirata
474 2021 643 2100 regalesque
655 2021 746 2081 cultus

405 2102 442 2164 m
456 2106 573 2164 comites
585 2104 693 2166 Helene
707 2103 843 2183 lacaena,

313 2235 464 2302 Primusve
471 2235 583 2298 Teucer
592 2238 650 2300 tela
661 2237 790 2316 Cydonio

312 2320 424 2381 Direxit
435 2323 516 2392 arcum
537 2339 594 2382 non
606 2323 695 2382 semel
706 2322 775 2383 Ilios

363 2405 485 2474 Vexata3
507 2407 824 2486 noupugnavitingens

403 2486 571 2549 Idomeneus
585 2490 862 2552 Sthenelusvesolus
983 2539 985 2544 .

198 2627 205 2642 ¹
248 2641 252 2648 ¹
310 2620 439 2682 Dicenda
449 2620 538 2682 Musis
549 2623 676 2701 proelia;
698 2641 755 2683 non
765 2624 848 2684 ierox

310 2703 418 2765 ilector
427 2705 475 2765 vel
487 2725 554 2766 acer
563 2706 731 2784 Deiphobus
742 2725 844 2785 graves

360 2787 484 2867 Excepit
497 2792 570 2850 ictus
581 2806 634 2867 pro
648 2791 758 2868 pudicis

404 2871 580 2952 Coniugibus
593 2877 747 2953 puerisque
758 2875 874 2953 primus.

313 3004 419 3066 Vixere
430 3005 521 3068 iones
536 3015 601 3068 anie
611 3007 823 3088 Agamemnona

308 3086 403 3159 Murum
426 3071 479 3151 secl
494 3109 592 3152 omnes
603 3092 811 3154 illacrimabiles

359 3171 500 3250 Urgeuiur
510 3178 655 3254 ignotique
669 3176 753 3254 longa

404 3255 514 3335 Nocte,
531 3269 627 3320 carent
637 3262 703 3338 quia
714 3269 778 3322 vate
792 3279 885 3322 sacro.
