2536 3986
102 218 323 304 ‘pourarnp
517 222 687 286 nusnlv.
1042 215 1102 290 lus
1150 221 1152 228 “

289 375 353 450 Qua
364 375 438 458 fugit
448 391 556 451 venus,
569 376 644 451 heu,
663 392 757 453 quave
770 371 873 439 colori
896 373 1002 442 decens

209 477 217 494 ‘
289 458 354 533 Quo
366 454 479 519 motus?
502 457 578 530 Quid
590 458 677 519 habes
689 457 779 534 illius,
792 457 880 535 iliius,

338 541 419 616 Quae
430 542 554 621 spirabat
565 559 686 625 amores,

382 623 520 698 Quaene
532 634 681 704 surpuerat
695 627 779 702 mihi„

282 749 369 820 Felix
379 759 446 828 post
458 748 601 828 Cinaram,
624 759 748 828 notaque
761 760 791 810 et
800 752 899 812 artium

288 833 432 895 Gratarum
442 830 555 894 iacies?
579 833 637 910 Sed
649 832 767 896 Cinarae
779 834 882 894 breves

335 917 433 978 Annos
445 918 502 978 iata
514 916 662 994 dederunt,

378 995 528 1062 servatura
540 1001 586 1060 diu
598 1019 697 1080 parem¹

288 1122 417 1206 Garnieis
428 1125 541 1188 vetulae
552 1125 727 1203 temporibus
738 1123 843 1200 Lycen,
926 1147 929 1157 ¹

286 1206 406 1269 Possent
417 1218 447 1268 ut
460 1211 577 1269 iuuenes
592 1211 688 1270 visere
701 1208 804 1270 fervidi

335 1292 424 1353 Multo
435 1308 492 1354 non
503 1295 565 1354 sine
576 1295 635 1354 risu

374 1375 520 1454 Dilapsam
530 1379 559 1436 in
571 1378 683 1438 eineres
694 1374 794 1435 iaeem.
892 1423 893 1426 ,

547 1535 696 1548 ,Φώ-

470 1655 472 1663 '
505 1693 606 1750 ann
632 1643 745 1748 xuvs

372 1799 830 1864 ¹annueusrun.

284 1920 364 1995 Quae
378 1940 444 1982 eura
452 1930 567 2000 patrum
579 1940 687 2000 quaeve
700 1922 850 1996 Quiritium

281 2003 375 2065 Plenis
386 2006 524 2067 honorum
534 2007 696 2066 muneribus
707 2015 780 2084 tuas,

331 2087 475 2166 Auguste,
487 2091 605 2176 uirtutes
618 2091 646 2148 in
658 2109 758 2150 aerum

373 2169 427 2231 Per
437 2171 533 2232 titulos
544 2189 744 2253 memoresque
759 2173 849 2236 fastos

280 2295 432 2372 Aeternet‚
445 2315 473 2373 0,
486 2316 540 2376 qua
551 2297 596 2357 soi
607 2298 771 2361 habitabiles

153 2434 156 2444 ,
280 2377 491 2457 illustratores,
510 2383 806 2463 maximeprineipum‚

331 2461 422 2536 Quem
433 2463 506 2542 legis
520 2473 653 2543 expertes
664 2465 777 2526 Latinae

371 2546 510 2608 Vindelioi
523 2548 648 2609 didicere
659 2567 759 2628 nuper,

282 2669 357 2744 Quid
367 2670 457 2733 Marte
469 2671 595 2751 posses?
616 2673 705 2750 Milite
716 2685 836 2736 namtas

278 2753 388 2815 Drusus
401 2754 568 2834 Genaunes,
582 2758 763 2837 implacidum
773 2778 875 2838 genus,

328 2837 514 2919 Breunosque
524 2841 642 2902 veloces
655 2852 684 2903 et
695 2861 776 2925 arces

370 2922 489 3000 Alpibus
500 2924 646 3003 impositas
656 2926 807 2987 tremendis
829 2949 834 2956 ·

261 3043 390 3106 'Deiecit
401 3064 469 3108 acer
478 3049 542 3127 plus
553 3052 618 3118 niue
630 3051 764 3130 simpliei;

218 3153 228 3162 ·
276 3127 368 3190 Maior
377 3129 521 3192 Neronum
532 3148 598 3194 mox
608 3153 695 3211 grave
705 3135 845 3214 proelium

327 3209 793 3296 commisitinmanesqusliaeuos

368 3296 513 3377 Auspiciis
527 3303 637 3379 pepulit
648 3305 789 3382 serandis,
