2526 3986
85 235 154 303 [sn.
167 234 193 287 ι.
206 232 244 302 e]
506 221 664 283 uuonan.
991 223 1050 286 roo

84 379 170 441 Forte
183 377 355 439 coheredum
369 379 465 436 senior
475 376 549 437 male
560 379 676 452 tussim,
691 376 757 434 huic
768 384 798 434 tu

83 463 155 540 Dic,
172 479 209 523 ex
221 471 299 541 parte
310 471 357 521 tua
368 479 420 520 scu
431 459 509 520 tundi
521 462 583 520 sive
594 460 694 520 domus
704 461 741 518 sit

83 547 197 622 Emtor,
213 545 383 624 gaudentem
393 561 505 604 nummo
516 552 546 603 te
557 543 700 604 addicere.
714 575 751 587 -
768 541 825 602 Sed
836 561 882 602 me

84 630 242 710 Imperiosa
254 630 338 690 trabit
348 625 531 706 Proserpina:
545 629 611 687 vivo
621 625 753 705 valeque·
990 628 1051 689 110

436 945 622 1004 §mm
641 947 705 1002 vl.

83 1054 146 1115 Hoc
158 1063 218 1114 erat
228 1057 256 1114 in
266 1056 356 1114 rotis:
370 1053 469 1116 modus
481 1058 541 1136 agri
552 1074 607 1116 non
622 1059 659 1116 ita
672 1071 799 1132 magnus,

83 1138 189 1199 Hortus
200 1138 248 1197 ubi
261 1146 288 1198 et
299 1147 375 1198 tccto
386 1141 497 1199 vicinus
514 1141 587 1218 iugis
599 1157 691 1218 aquae
702 1138 766 1197 icus

83 1222 121 1282 Et
131 1221 245 1300 paulum
256 1221 344 1282 silvae
357 1224 498 1300 superbis
509 1223 593 1284 toret.
613 1222 732 1282 Auctius
744 1230 829 1299 atque

82 1305 121 1366 Di
133 1304 234 1365 melius
244 1304 353 1365 iecere.
375 1305 453 1366 Rene
468 1316 520 1369 est.
546 1306 593 1366 Nil
607 1305 726 1384 amplius
738 1320 800 1381 oro,

83 1388 315 1465 Maia-natc‚nisi
325 1397 356 1451 ut
366 1391 481 1470 propria
492 1391 564 1451 baec
574 1391 641 1450 mibi
652 1407 766 1449 munera
777 1387 858 1448 faxis.
1016 1389 1049 1450 '5

83 1469 365 1564 Si'nequemuiorcm
376 1473 433 1532 ieci
443 1476 552 1535 ratione
563 1473 635 1534 mala
648 1491 719 1549 rem,

82 1556 146 1617 Nec
158 1575 220 1616 sum
230 1555 356 1616 iactums
365 1558 436 1617 vitio
449 1557 569 1637 culpave
579 1559 729 1625 minorem:

82 1641 115 1700 Si
126 1657 250 1700 veneror
260 1640 361 1700 stultns
373 1641 441 1701 nuit
451 1642 564 1701 borum:
579 1639 628 1718 „0
641 1642 666 1700 si
682 1639 800 1720 angulus
812 1638 861 1698 ilic

82 1723 254 1802 „Proximus
266 1724 398 1800 accedat,
412 1727 460 1804 qui
471 1744 544 1786 nuuc
554 1725 698 1785 denormat
709 1723 831 1802 agellum
839 1723 869 1781 !“

81 1807 132 1885 „0
145 1809 170 1867 si
182 1825 277 1868 urnam
287 1811 396 1886 argenti
408 1808 467 1868 iors
479 1827 552 1887 quae
563 1809 630 1868 mibi
640 1816 788 1885 monstret,
802 1805 893 1882 atilli,
1010 1807 1051 1868 10

80 1890 254 1968 „Thesauro
267 1892 383 1952 iurento
395 1893 443 1970 qui
454 1893 644 1951 mercenarius
656 1909 753 1970 agrum

80 1973 190 2052 „libum
203 1977 295 2052 ipsum
313 1984 453 2034 mercatus
466 1977 567 2051 mavit,
581 1974 661 2035 dives
673 1977 763 2034 arnico

80 2056 269 2135 „Hercule!“
283 2079 337 2126 -;
348 2059 384 2134 si,
398 2057 474 2136 quod
485 2059 575 2136 adest,
588 2067 697 2136 gratum
708 2060 801 2125 iuvat;
813 2057 866 2116 hac
878 2073 965 2135 prece

586 2151 693 2201 tcoro:

80 2225 191 2302 Pingue
206 2238 295 2300 pecus
308 2222 421 2284 domino
436 2225 525 2284 iacias
539 2233 567 2284 et
579 2234 674 2284 cetera
686 2233 798 2303 praeter

78 2307 240 2386 ingenium,
253 2315 339 2385 utque
351 2307 439 2380 soles,
453 2317 550 2368 custos
564 2308 630 2368 mibi
641 2310 776 2368 maximus
788 2304 877 2367 adsis!
1010 2307 1049 2368 15

79 2391 161 2469 Ergo
174 2391 222 2450 ubi
233 2408 278 2450 me
288 2393 317 2450 in
328 2400 438 2452 montes
451 2400 480 2451 et
490 2393 517 2450 iu
528 2409 622 2451 arcem
635 2409 671 2451 ex
682 2391 752 2450 urbe
763 2391 881 2466 removi,

80 2474 159 2549 Quid
171 2476 248 2557 prius
260 2473 400 2535 illustrem
410 2477 502 2535 satiris
514 2473 653 2553 Musaque
664 2469 809 2553 pedestri?

78 2559 145 2621 Nec
160 2557 232 2618 mala
243 2575 289 2619 me
299 2559 415 2619 ambitio
427 2558 589 2638 perdit'nec
599 2557 746 2636 plumbeus
757 2557 862 2618 Auster

78 2644 316 2720 Auctumnusque
326 2646 439 2720 gravis,
456 2641 593 2702 Libitinae
605 2652 739 2722 quaestus
749 2641 880 2704 acerbae.
973 2675 977 2682 ·

78 2725 324 2803 Matutine‘patem
338 2743 391 2786 seu
401 2724 469 2786 Iane
481 2726 613 2785 libentius
625 2726 715 2802 audis,
1008 2727 1049 2788 20

77 2808 163 2872 Unde
172 2809 301 2869 homiues
314 2827 432 2888 operum
444 2811 551 2888 primos
565 2812 698 2889 vitaeque
709 2809 822 2870 labores
844 2819 847 2832 “

76 2892 231 2953 instituunt
242 2925 254 2936 ·
265 2895 308 2953 sic
319 2894 361 2954 dis
375 2893 507 2972 placitum
519 2927 545 2971 ·‚
558 2903 587 2954 tu
599 2895 728 2954 carminis
742 2901 804 2953 esto
846 2955 848 2958 .

77 2976 261 3054 Principium.
284 2977 393 3039 Romae
405 2994 574 3057 sponsorem
584 2995 630 3037 me
640 2979 727 3055 rapis.
750 2975 836 3054 „Eira

77 3059 150 3139 „Ne
167 3061 244 3136 prior
255 3060 352 3121 officio
365 3065 512 3141 quisquam
523 3061 713 3140 respoudeat,
726 3075 797 3139 urge
807 3045 839 3118 d‘

77 3146 149 3205 Sive
161 3142 266 3222 Aquilo
277 3145 349 3205 radit
360 3155 448 3206 terma
461 3165 512 3206 seu
526 3147 622 3206 bruma
634 3144 755 3205 nivalem
795 3159 798 3166 ·

76 3227 225 3288 interiore·
234 3228 307 3288 diem
318 3247 390 3308 gyro
402 3232 500 3307 trabit,
513 3233 555 3290 ire
566 3247 688 3290 necesse
700 3237 753 3288 est.
789 3239 792 3244 ’

76 3311 247 3384 Postmodo,
259 3309 336 3388 quod
346 3313 383 3372 mi
397 3313 482 3391 obsit,
496 3315 571 3375 ctare
586 3323 750 3392 certumque
762 3311 857 3372 locuto

121 3393 284 3444 nonanus.
636 3429 646 3445 ,
822 3395 856 3449 13
