2556 3990
593 235 793 296 oraminum
916 185 946 274 .'
1039 247 1104 314 [ou.
1120 247 1175 317 ua]

588 421 799 478 olonxvl.

514 519 864 582 'nonullorum

362 644 386 701 0
403 651 491 704 matre
502 641 620 720 pulchra
631 642 687 702 filia
698 641 854 719 pulchrior,

362 727 454 802 Quem
466 727 623 786 criminosis
635 743 747 804 cunque
757 723 839 784 uoles
852 724 966 800 modum

408 809 502 870 Penes
514 811 624 886 iambis,
641 811 703 870 sive
715 809 822 868 damma

464 893 532 953 Sive
543 895 611 954 mari
622 891 692 952 libet
702 891 851 952 Hadriano.
902 931 916 948 a

211 1032 230 1093 d
339 1015 342 1030 ¹
358 1025 422 1088 Non
433 1025 693 1104 Dindymenepnon
703 1025 794 1102 adytis
807 1029 895 1104 quatit

359 1109 482 1172 dientem
492 1099 670 1171 saderdotum
685 1109 778 1170 incola
786 1108 912 1188 Pythius,

413 1194 478 1256 Nou
491 1193 686 1272 Liberaeque,
699 1209 757 1254 non
771 1202 853 1254 acuta
1016 1187 1022 1202 '

463 1279 513 1338 Sic
522 1279 664 1356 geminant
675 1275 851 1353 Corybantes
864 1294 939 1353 aera,

360 1411 468 1474 Tristes
479 1421 509 1472 ut
523 1413 593 1488 irae,
606 1428 676 1489 quas
691 1429 785 1490 neque
796 1409 917 1472 Noricus

355 1495 488 1557 Deterret
503 1497 580 1555 ensis
592 1505 647 1553 nec
657 1513 733 1564 mare
748 1494 911 1571 naufragum

409 1577 472 1639 Nec
482 1595 584 1637 saevus
596 1579 672 1656 ignis
683 1595 737 1638 nec
748 1577 896 1637 tremendo

389 1691 392 1699 .
466 1659 595 1739 luppiter
605 1664 671 1740 ipse
684 1679 770 1722 ruens
784 1660 911 1721 tumultu.

359 1791 460 1854 Fertur
469 1792 663 1872 Prometheus,
678 1794 781 1855 addere
798 1795 926 1878 principi*

358 1876 435 1939 Limo
449 1889 564 1940 coactus
576 1879 739 1958 particulam
750 1878 873 1958 undique

411 1959 575 2041 Desectam,
594 1972 623 2024 et
636 1964 726 2023 insani
737 1961 828 2023 leonis

463 2047 526 2108 Vim
538 2047 682 2108 stomacho
698 2048 870 2125 apposuisse
880 2055 988 2118 nostro.

364 2181 427 2242 {rae
441 2178 584 2256 Thyesten
596 2183 682 2241 exitio
699 2183 778 2260 gravi

360 2266 503 2341 stravere,
517 2273 546 2323 et
557 2264 620 2324 altis
631 2265 746 2325 urbibus
757 2265 870 2325 ultimae
952 2331 954 2337 ,

411 2350 523 2409 Stetere
534 2365 647 2425 causae,
662 2367 711 2409 cur
724 2351 849 2427 perirent

463 2431 599 2493 Funditus
610 2432 840 2511 imprimeretque
851 2429 936 2488 muris

360 2564 470 2626 Hostile
484 2574 603 2626 aratrum
615 2566 756 2626 exercitus
772 2560 908 2620 insolens.

361 2647 522 2727 Compesce
532 2656 666 2707 mentem:
677 2665 723 2706 me
735 2659 848 2724 quoque
861 2647 987 2722 pectoris

415 2731 545 2792 Tentavit
555 2732 583 2788 iu
599 2729 674 2787 dulci
690 2733 802 2788 iuventa

463 2815 581 2888 Feruor,
599 2819 627 2871 et
638 2812 666 2870 in
679 2811 789 2872 celeres
804 2812 912 2873 iambos

257 2970 259 2980 ·
362 2947 439 3008 Misit
450 2947 601 3014 furentem
616 2965 690 3007 nunc
705 2963 761 3024 ego
774 2946 886 3007 mitibus

360 3031 468 3090 Mutare
480 3045 586 3108 quaero
600 3033 700 3107 tristia,
721 3031 785 3092 dum
797 3031 863 3090 mihi

412 3112 477 3172 Fias
489 3116 638 3174 recantatis
654 3117 743 3176 amica

465 3196 633 3275 Opprobriis
649 3201 827 3276 animumque
839 3198 950 3260 reddas.
999 3217 1004 3225 ·

614 3343 750 3352 —-
