<?xml version="1.0" encoding="UTF-8"?>
<!DOCTYPE html PUBLIC "-//W3C//DTD XHTML 1.0 Transitional//EN"
    "http://www.w3.org/TR/xhtml1/DTD/xhtml1-transitional.dtd">
<html xmlns="http://www.w3.org/1999/xhtml" xml:lang="en" lang="en">
 <head>
  <title>
</title>
<meta http-equiv="Content-Type" content="text/html;charset=utf-8" />
  <meta name='ocr-system' content='tesseract 3.04.00' />
  <meta name='ocr-capabilities' content='ocr_page ocr_carea ocr_par ocr_line ocrx_word'/>
</head>
<body>
  <div class='ocr_page' id='page_1' title='image "./qhoratiiflaccio01schmgoog_0253.png"; bbox 0 0 2526 3986; ppageno 0'>
   <div class='ocr_carea' id='block_1_1' title="bbox 189 167 1259 278">
    <p class='ocr_par' dir='ltr' id='par_1_1' title="bbox 189 167 1259 278">
     <span class='ocr_line' id='line_1_1' title="bbox 189 167 1259 278; baseline -0.001 -19"><span class='ocrx_word' id='word_1_1' title='bbox 189 201 251 266; x_wconf 78' lang='lat'><strong>190</strong></span> <span class='ocrx_word' id='word_1_2' title='bbox 558 197 774 262; x_wconf 78' lang='lat' dir='ltr'><strong>snrrnmuu</strong></span> <span class='ocrx_word' id='word_1_3' title='bbox 1032 200 1153 278; x_wconf 61' lang='lat' dir='ltr'><strong>[sees]</strong></span> <span class='ocrx_word' id='word_1_4' title='bbox 1258 167 1259 218; x_wconf 77' lang='lat'><em>³</em></span> 
     </span>
    </p>
   </div>
   <div class='ocr_carea' id='block_1_2' title="bbox 504 398 793 495">
    <p class='ocr_par' dir='ltr' id='par_1_2' title="bbox 504 398 793 495">
     <span class='ocr_line' id='line_1_2' title="bbox 504 398 793 495; baseline -0.014 -25"><span class='ocrx_word' id='word_1_5' title='bbox 504 487 505 495; x_wconf 11' lang='grc' dir='ltr'><strong><em>Ν</em></strong></span> <span class='ocrx_word' id='word_1_6' title='bbox 549 398 732 488; x_wconf 68' lang='lat' dir='ltr'><strong>surarum</strong></span> <span class='ocrx_word' id='word_1_7' title='bbox 752 415 793 468; x_wconf 86' lang='lat' dir='ltr'><strong>v.</strong></span> 
     </span>
    </p>
   </div>
   <div class='ocr_carea' id='block_1_3' title="bbox 108 522 1143 3370">
    <p class='ocr_par' dir='ltr' id='par_1_3' title="bbox 108 522 1143 3370">
     <span class='ocr_line' id='line_1_3' title="bbox 274 522 1076 602; baseline -0.004 -17"><span class='ocrx_word' id='word_1_8' title='bbox 274 522 386 585; x_wconf 67' lang='lat' dir='ltr'><strong>Uliaros.</strong></span> <span class='ocrx_word' id='word_1_9' title='bbox 395 523 458 582; x_wconf 88' lang='lat' dir='ltr'><strong>lloo</strong></span> <span class='ocrx_word' id='word_1_10' title='bbox 469 540 594 602; x_wconf 87' lang='lat' dir='ltr'><strong>quoque,</strong></span> <span class='ocrx_word' id='word_1_11' title='bbox 602 522 721 599; x_wconf 85' lang='lat' dir='ltr'><strong>Tiresia,</strong></span> <span class='ocrx_word' id='word_1_12' title='bbox 730 531 841 601; x_wconf 88' lang='lat' dir='ltr'><strong>praeter</strong></span> <span class='ocrx_word' id='word_1_13' title='bbox 851 530 958 582; x_wconf 82' lang='lat' dir='ltr'><strong>narrata</strong></span> <span class='ocrx_word' id='word_1_14' title='bbox 969 523 1076 598; x_wconf 89' lang='lat' dir='ltr'><strong>petenti</strong></span> 
     </span>
     <span class='ocr_line' id='line_1_4' title="bbox 269 607 998 685; baseline -0.001 -20"><span class='ocrx_word' id='word_1_15' title='bbox 269 607 438 684; x_wconf 73' lang='lat' dir='ltr'><strong>Responde,</strong></span> <span class='ocrx_word' id='word_1_16' title='bbox 453 607 555 685; x_wconf 87' lang='lat' dir='ltr'><strong>quibus</strong></span> <span class='ocrx_word' id='word_1_17' title='bbox 566 609 684 666; x_wconf 86' lang='lat' dir='ltr'><strong>amissas</strong></span> <span class='ocrx_word' id='word_1_18' title='bbox 694 623 827 684; x_wconf 88' lang='lat' dir='ltr'><strong>reparare</strong></span> <span class='ocrx_word' id='word_1_19' title='bbox 840 623 940 683; x_wconf 85' lang='lat' dir='ltr'><strong>queam</strong></span> <span class='ocrx_word' id='word_1_20' title='bbox 951 623 998 664; x_wconf 87' lang='lat' dir='ltr'><strong>res</strong></span> 
     </span>
     <span class='ocr_line' id='line_1_5' title="bbox 267 686 1134 769; baseline 0.001 -19"><span class='ocrx_word' id='word_1_21' title='bbox 267 690 382 750; x_wconf 78' lang='lat' dir='ltr'>Artibus</span> <span class='ocrx_word' id='word_1_22' title='bbox 395 701 478 769; x_wconf 88' lang='lat' dir='ltr'><strong>utque</strong></span> <span class='ocrx_word' id='word_1_23' title='bbox 491 690 591 750; x_wconf 89' lang='lat' dir='ltr'><strong>modis.</strong></span> <span class='ocrx_word' id='word_1_24' title='bbox 616 689 691 764; x_wconf 80' lang='lat' dir='ltr'><strong>Quid</strong></span> <span class='ocrx_word' id='word_1_25' title='bbox 701 686 797 750; x_wconf 79' lang='lat' dir='ltr'><strong>rides?</strong></span> <span class='ocrx_word' id='word_1_26' title='bbox 816 687 910 751; x_wconf 78' lang='lat' dir='ltr'><strong>Tires.</strong></span> <span class='ocrx_word' id='word_1_27' title='bbox 923 686 1016 751; x_wconf 82' lang='lat' dir='ltr'><strong>tamne</strong></span> <span class='ocrx_word' id='word_1_28' title='bbox 1029 688 1134 751; x_wconf 85' lang='lat' dir='ltr'><strong>doloso</strong></span> 
     </span>
     <span class='ocr_line' id='line_1_6' title="bbox 268 771 1014 852; baseline -0.004 -18"><span class='ocrx_word' id='word_1_29' title='bbox 268 773 331 834; x_wconf 92' lang='lat' dir='ltr'><strong>Non</strong></span> <span class='ocrx_word' id='word_1_30' title='bbox 344 777 411 834; x_wconf 89' lang='lat' dir='ltr'><strong>satis</strong></span> <span class='ocrx_word' id='word_1_31' title='bbox 424 783 467 834; x_wconf 89' lang='lat' dir='ltr'><strong>est</strong></span> <span class='ocrx_word' id='word_1_32' title='bbox 478 773 600 834; x_wconf 80' lang='lat' dir='ltr'>Ithacam</span> <span class='ocrx_word' id='word_1_33' title='bbox 612 775 712 834; x_wconf 87' lang='lat' dir='ltr'><strong>revehi</strong></span> <span class='ocrx_word' id='word_1_34' title='bbox 722 776 886 852; x_wconf 85' lang='lat' dir='ltr'><strong>patriosque</strong></span> <span class='ocrx_word' id='word_1_35' title='bbox 896 771 1014 832; x_wconf 86' lang='lat' dir='ltr'><strong>Penates</strong></span> 
     </span>
     <span class='ocr_line' id='line_1_7' title="bbox 227 851 1107 936; baseline -0.002 -17"><span class='ocrx_word' id='word_1_36' title='bbox 227 860 245 919; x_wconf 80' lang='grc'><em>5</em></span> <span class='ocrx_word' id='word_1_37' title='bbox 267 851 444 936; x_wconf 79' lang='lat' dir='ltr'><strong>Adspicere?</strong></span> <span class='ocrx_word' id='word_1_38' title='bbox 465 856 544 918; x_wconf 74' lang='lat' dir='ltr'><strong>ulte.</strong></span> <span class='ocrx_word' id='word_1_39' title='bbox 560 857 664 918; x_wconf 90' lang='lat' dir='ltr'><strong>0nulli</strong></span> <span class='ocrx_word' id='word_1_40' title='bbox 675 857 826 936; x_wconf 82' lang='lat' dir='ltr'><strong>quidquam</strong></span> <span class='ocrx_word' id='word_1_41' title='bbox 841 859 972 934; x_wconf 77' lang='lat' dir='ltr'><strong>mentite,</strong></span> <span class='ocrx_word' id='word_1_42' title='bbox 987 857 1067 917; x_wconf 86' lang='lat' dir='ltr'><strong>vides</strong></span> <span class='ocrx_word' id='word_1_43' title='bbox 1077 867 1107 918; x_wconf 88' lang='lat' dir='ltr'><strong>ut</strong></span> 
     </span>
     <span class='ocr_line' id='line_1_8' title="bbox 266 939 1071 1021; baseline -0.001 -19"><span class='ocrx_word' id='word_1_44' title='bbox 266 941 364 1005; x_wconf 90' lang='lat' dir='ltr'><strong>Nudus</strong></span> <span class='ocrx_word' id='word_1_45' title='bbox 376 945 516 1021; x_wconf 83' lang='lat' dir='ltr'><strong>inopsque</strong></span> <span class='ocrx_word' id='word_1_46' title='bbox 528 942 640 1002; x_wconf 88' lang='lat' dir='ltr'><strong>demum</strong></span> <span class='ocrx_word' id='word_1_47' title='bbox 650 941 764 1002; x_wconf 89' lang='lat' dir='ltr'><strong>redeam</strong></span> <span class='ocrx_word' id='word_1_48' title='bbox 770 964 780 1019; x_wconf 88' lang='grc' dir='ltr'><strong>Ι;</strong></span> <span class='ocrx_word' id='word_1_49' title='bbox 792 951 821 1002; x_wconf 89' lang='lat' dir='ltr'><strong>te</strong></span> <span class='ocrx_word' id='word_1_50' title='bbox 831 948 896 1000; x_wconf 85' lang='lat' dir='ltr'><strong>vate</strong></span> <span class='ocrx_word' id='word_1_51' title='bbox 907 957 1000 1017; x_wconf 78' lang='lat' dir='ltr'><strong>neque</strong></span> <span class='ocrx_word' id='word_1_52' title='bbox 1011 939 1071 1001; x_wconf 89' lang='lat' dir='ltr'><strong>illie</strong></span> 
     </span>
     <span class='ocr_line' id='line_1_9' title="bbox 266 1024 1032 1105; baseline -0.003 -21"><span class='ocrx_word' id='word_1_53' title='bbox 266 1024 321 1085; x_wconf 85' lang='lat' dir='ltr'><strong>Aut</strong></span> <span class='ocrx_word' id='word_1_54' title='bbox 333 1026 471 1104; x_wconf 79' lang='lat' dir='ltr'>apotheca</span> <span class='ocrx_word' id='word_1_55' title='bbox 484 1028 579 1105; x_wconf 87' lang='lat' dir='ltr'><strong>procis</strong></span> <span class='ocrx_word' id='word_1_56' title='bbox 590 1029 693 1086; x_wconf 88' lang='lat' dir='ltr'><strong>intaeta</strong></span> <span class='ocrx_word' id='word_1_57' title='bbox 705 1034 806 1086; x_wconf 84' lang='lat' dir='ltr'><strong>estant</strong></span> <span class='ocrx_word' id='word_1_58' title='bbox 816 1042 919 1102; x_wconf 84' lang='lat' dir='ltr'><strong>peeus:</strong></span> <span class='ocrx_word' id='word_1_59' title='bbox 931 1025 1008 1102; x_wconf 90' lang='lat' dir='ltr'><strong>atqui</strong></span> <span class='ocrx_word' id='word_1_60' title='bbox 1027 1024 1032 1032; x_wconf 88' lang='grc'><strong>’</strong></span> 
     </span>
     <span class='ocr_line' id='line_1_10' title="bbox 265 1107 1005 1188; baseline 0.001 -20"><span class='ocrx_word' id='word_1_61' title='bbox 265 1108 401 1188; x_wconf 79' lang='lat' dir='ltr'><strong>Etgenus</strong></span> <span class='ocrx_word' id='word_1_62' title='bbox 414 1112 559 1185; x_wconf 79' lang='lat' dir='ltr'><strong>eluimus,</strong></span> <span class='ocrx_word' id='word_1_63' title='bbox 578 1111 632 1168; x_wconf 85' lang='lat' dir='ltr'><strong>nisi</strong></span> <span class='ocrx_word' id='word_1_64' title='bbox 644 1126 766 1186; x_wconf 80' lang='lat' dir='ltr'><strong>eumne,</strong></span> <span class='ocrx_word' id='word_1_65' title='bbox 783 1108 866 1169; x_wconf 89' lang='lat' dir='ltr'><strong>vilior</strong></span> <span class='ocrx_word' id='word_1_66' title='bbox 877 1107 941 1185; x_wconf 83' lang='lat' dir='ltr'><strong>alga</strong></span> <span class='ocrx_word' id='word_1_67' title='bbox 952 1116 1005 1169; x_wconf 83' lang='lat' dir='ltr'><strong>est..</strong></span> 
     </span>
     <span class='ocr_line' id='line_1_11' title="bbox 149 1191 1045 1272; baseline -0.002 -20"><span class='ocrx_word' id='word_1_68' title='bbox 149 1220 159 1229; x_wconf 89' lang='lat'><em>-</em></span> <span class='ocrx_word' id='word_1_69' title='bbox 269 1191 329 1254; x_wconf 68' lang='grc' dir='ltr'><strong>Τόν.</strong></span> <span class='ocrx_word' id='word_1_70' title='bbox 343 1193 460 1266; x_wconf 85' lang='lat' dir='ltr'><strong>Quando</strong></span> <span class='ocrx_word' id='word_1_71' title='bbox 473 1194 638 1272; x_wconf 79' lang='lat' dir='ltr'><strong>pauperiem</strong></span> <span class='ocrx_word' id='word_1_72' title='bbox 650 1196 744 1256; x_wconf 86' lang='lat' dir='ltr'><strong>missis</strong></span> <span class='ocrx_word' id='word_1_73' title='bbox 760 1192 923 1269; x_wconf 76' lang='lat' dir='ltr'><strong>ambagibus</strong></span> <span class='ocrx_word' id='word_1_74' title='bbox 934 1192 1045 1267; x_wconf 87' lang='lat' dir='ltr'><strong>horres,</strong></span> 
     </span>
     <span class='ocr_line' id='line_1_12' title="bbox 108 1274 949 1357; baseline -0.001 -22"><span class='ocrx_word' id='word_1_75' title='bbox 108 1275 111 1286; x_wconf 85' lang='grc'>’</span> <span class='ocrx_word' id='word_1_76' title='bbox 205 1282 242 1343; x_wconf 86' lang='grc'><strong>10</strong></span> <span class='ocrx_word' id='word_1_77' title='bbox 262 1276 372 1355; x_wconf 78' lang='lat' dir='ltr'><strong>Aoeipe</strong></span> <span class='ocrx_word' id='word_1_78' title='bbox 384 1296 438 1357; x_wconf 91' lang='lat' dir='ltr'><strong>qua</strong></span> <span class='ocrx_word' id='word_1_79' title='bbox 449 1280 557 1350; x_wconf 85' lang='lat' dir='ltr'><strong>ratione</strong></span> <span class='ocrx_word' id='word_1_80' title='bbox 569 1295 658 1356; x_wconf 86' lang='lat' dir='ltr'><strong>queas</strong></span> <span class='ocrx_word' id='word_1_81' title='bbox 669 1277 819 1338; x_wconf 83' lang='lat' dir='ltr'><strong>ditescere.</strong></span> <span class='ocrx_word' id='word_1_82' title='bbox 842 1274 949 1338; x_wconf 82' lang='lat' dir='ltr'><strong>Turdus</strong></span> 
     </span>
     <span class='ocr_line' id='line_1_13' title="bbox 264 1359 953 1439; baseline -0.001 -20"><span class='ocrx_word' id='word_1_83' title='bbox 264 1361 330 1420; x_wconf 88' lang='lat' dir='ltr'><strong>Siva</strong></span> <span class='ocrx_word' id='word_1_84' title='bbox 341 1360 415 1421; x_wconf 83' lang='lat' dir='ltr'><strong>aliud</strong></span> <span class='ocrx_word' id='word_1_85' title='bbox 430 1364 538 1439; x_wconf 82' lang='lat' dir='ltr'><strong>privum</strong></span> <span class='ocrx_word' id='word_1_86' title='bbox 550 1361 658 1422; x_wconf 89' lang='lat' dir='ltr'><strong>dabitur</strong></span> <span class='ocrx_word' id='word_1_87' title='bbox 672 1363 737 1438; x_wconf 84' lang='lat' dir='ltr'><strong>tibi,</strong></span> <span class='ocrx_word' id='word_1_88' title='bbox 751 1360 865 1422; x_wconf 84' lang='lat' dir='ltr'><strong>devolet</strong></span> <span class='ocrx_word' id='word_1_89' title='bbox 875 1359 953 1436; x_wconf 86' lang='lat' dir='ltr'><strong>illue,</strong></span> 
     </span>
     <span class='ocr_line' id='line_1_14' title="bbox 262 1443 1006 1523; baseline 0.003 -19"><span class='ocrx_word' id='word_1_90' title='bbox 262 1443 320 1504; x_wconf 85' lang='lat' dir='ltr'><strong>Res</strong></span> <span class='ocrx_word' id='word_1_91' title='bbox 335 1445 383 1504; x_wconf 91' lang='lat' dir='ltr'><strong>ubi</strong></span> <span class='ocrx_word' id='word_1_92' title='bbox 396 1463 495 1523; x_wconf 81' lang='lat' dir='ltr'><strong>magna</strong></span> <span class='ocrx_word' id='word_1_93' title='bbox 507 1446 576 1505; x_wconf 88' lang='lat' dir='ltr'><strong>nitet</strong></span> <span class='ocrx_word' id='word_1_94' title='bbox 589 1444 702 1505; x_wconf 92' lang='lat' dir='ltr'><strong>domino</strong></span> <span class='ocrx_word' id='word_1_95' title='bbox 715 1463 797 1515; x_wconf 87' lang='lat' dir='ltr'><strong>sene;</strong></span> <span class='ocrx_word' id='word_1_96' title='bbox 815 1444 907 1514; x_wconf 84' lang='lat' dir='ltr'><strong>doleia</strong></span> <span class='ocrx_word' id='word_1_97' title='bbox 924 1461 1006 1522; x_wconf 88' lang='lat' dir='ltr'><strong>poma</strong></span> 
     </span>
     <span class='ocr_line' id='line_1_15' title="bbox 260 1527 1000 1608; baseline 0.001 -21"><span class='ocrx_word' id='word_1_98' title='bbox 260 1527 297 1587; x_wconf 87' lang='lat' dir='ltr'><strong>Et</strong></span> <span class='ocrx_word' id='word_1_99' title='bbox 308 1546 493 1607; x_wconf 84' lang='lat' dir='ltr'><strong>quoscunque</strong></span> <span class='ocrx_word' id='word_1_100' title='bbox 505 1528 578 1588; x_wconf 88' lang='lat' dir='ltr'><strong>leret</strong></span> <span class='ocrx_word' id='word_1_101' title='bbox 589 1527 680 1590; x_wconf 84' lang='lat' dir='ltr'><strong>uultus</strong></span> <span class='ocrx_word' id='word_1_102' title='bbox 688 1530 741 1608; x_wconf 87' lang='lat' dir='ltr'><strong>tibi</strong></span> <span class='ocrx_word' id='word_1_103' title='bbox 753 1528 1000 1604; x_wconf 65' lang='lat' dir='ltr'><strong>lundus&#39;lronores,</strong></span> 
     </span>
     <span class='ocr_line' id='line_1_16' title="bbox 189 1608 932 1690; baseline 0.001 -19"><span class='ocrx_word' id='word_1_104' title='bbox 189 1624 191 1633; x_wconf 81' lang='grc'>’</span> <span class='ocrx_word' id='word_1_105' title='bbox 259 1612 333 1672; x_wconf 79' lang='lat' dir='ltr'><strong>Ante</strong></span> <span class='ocrx_word' id='word_1_106' title='bbox 343 1610 441 1673; x_wconf 89' lang='lat' dir='ltr'><strong>Larem</strong></span> <span class='ocrx_word' id='word_1_107' title='bbox 452 1621 547 1690; x_wconf 83' lang='lat' dir='ltr'><strong>gustet</strong></span> <span class='ocrx_word' id='word_1_108' title='bbox 557 1608 746 1673; x_wconf 84' lang='lat' dir='ltr'><strong>venerabilior</strong></span> <span class='ocrx_word' id='word_1_109' title='bbox 756 1613 825 1674; x_wconf 84' lang='lat' dir='ltr'><strong>Lare</strong></span> <span class='ocrx_word' id='word_1_110' title='bbox 838 1613 932 1682; x_wconf 85' lang='lat' dir='ltr'><strong>dives;</strong></span> 
     </span>
     <span class='ocr_line' id='line_1_17' title="bbox 200 1695 1026 1776; baseline 0.001 -21"><span class='ocrx_word' id='word_1_111' title='bbox 200 1695 238 1755; x_wconf 79' lang='lat'><strong>15</strong></span> <span class='ocrx_word' id='word_1_112' title='bbox 261 1695 316 1768; x_wconf 87' lang='lat' dir='ltr'><strong>Qui</strong></span> <span class='ocrx_word' id='word_1_113' title='bbox 329 1699 454 1774; x_wconf 86' lang='lat' dir='ltr'><strong>quamvis</strong></span> <span class='ocrx_word' id='word_1_114' title='bbox 467 1698 596 1774; x_wconf 83' lang='lat' dir='ltr'><strong>periurus</strong></span> <span class='ocrx_word' id='word_1_115' title='bbox 609 1699 677 1772; x_wconf 80' lang='lat' dir='ltr'><strong>erit,</strong></span> <span class='ocrx_word' id='word_1_116' title='bbox 695 1697 756 1757; x_wconf 82' lang='lat' dir='ltr'><strong>&#39;sine</strong></span> <span class='ocrx_word' id='word_1_117' title='bbox 770 1706 875 1776; x_wconf 79' lang='lat' dir='ltr'><strong>gente,</strong></span> <span class='ocrx_word' id='word_1_118' title='bbox 894 1706 1026 1759; x_wconf 88' lang='lat' dir='ltr'><strong>eruentus</strong></span> 
     </span>
     <span class='ocr_line' id='line_1_18' title="bbox 261 1779 926 1859; baseline 0.003 -21"><span class='ocrx_word' id='word_1_119' title='bbox 261 1780 402 1858; x_wconf 79' lang='lat' dir='ltr'><strong>Sanguine</strong></span> <span class='ocrx_word' id='word_1_120' title='bbox 416 1780 554 1855; x_wconf 82' lang='lat' dir='ltr'><strong>fraterne,</strong></span> <span class='ocrx_word' id='word_1_121' title='bbox 567 1780 720 1859; x_wconf 75' lang='lat' dir='ltr'><strong>fugitivus,</strong></span> <span class='ocrx_word' id='word_1_122' title='bbox 734 1801 770 1840; x_wconf 91' lang='lat' dir='ltr'><strong>ne</strong></span> <span class='ocrx_word' id='word_1_123' title='bbox 781 1791 874 1842; x_wconf 87' lang='lat' dir='ltr'><strong>tamen</strong></span> <span class='ocrx_word' id='word_1_124' title='bbox 885 1779 926 1840; x_wconf 93' lang='lat' dir='ltr'><strong>illi</strong></span> 
     </span>
     <span class='ocr_line' id='line_1_19' title="bbox 259 1862 955 1943; baseline 0.003 -21"><span class='ocrx_word' id='word_1_125' title='bbox 259 1862 300 1922; x_wconf 83' lang='lat' dir='ltr'><strong>Tu</strong></span> <span class='ocrx_word' id='word_1_126' title='bbox 312 1881 409 1926; x_wconf 86' lang='lat' dir='ltr'><strong>eomes</strong></span> <span class='ocrx_word' id='word_1_127' title='bbox 422 1865 564 1939; x_wconf 80' lang='lat' dir='ltr'><strong>exterior,</strong></span> <span class='ocrx_word' id='word_1_128' title='bbox 579 1866 603 1923; x_wconf 89' lang='lat' dir='ltr'><strong>si</strong></span> <span class='ocrx_word' id='word_1_129' title='bbox 618 1865 758 1943; x_wconf 77' lang='lat' dir='ltr'><strong>postulet,</strong></span> <span class='ocrx_word' id='word_1_130' title='bbox 775 1867 817 1924; x_wconf 87' lang='lat' dir='ltr'><strong>ire</strong></span> <span class='ocrx_word' id='word_1_131' title='bbox 827 1880 955 1924; x_wconf 76' lang='lat' dir='ltr'><strong>recuses.</strong></span> 
     </span>
     <span class='ocr_line' id='line_1_20' title="bbox 261 1945 1143 2028; baseline 0.006 -21"><span class='ocrx_word' id='word_1_132' title='bbox 261 1945 341 2008; x_wconf 71' lang='lat' dir='ltr'><strong>utre.</strong></span> <span class='ocrx_word' id='word_1_133' title='bbox 353 1946 427 2008; x_wconf 89' lang='lat' dir='ltr'><strong>Utne</strong></span> <span class='ocrx_word' id='word_1_134' title='bbox 437 1955 531 2028; x_wconf 82' lang='lat' dir='ltr'><strong>tegam</strong></span> <span class='ocrx_word' id='word_1_135' title='bbox 544 1965 648 2028; x_wconf 87' lang='lat' dir='ltr'><strong>spureo</strong></span> <span class='ocrx_word' id='word_1_136' title='bbox 660 1949 766 2012; x_wconf 85' lang='lat' dir='ltr'><strong>Damae</strong></span> <span class='ocrx_word' id='word_1_137' title='bbox 777 1945 869 2008; x_wconf 82' lang='lat' dir='ltr'><strong>latus?</strong></span> <span class='ocrx_word' id='word_1_138' title='bbox 892 1948 971 2010; x_wconf 87' lang='lat' dir='ltr'><strong>Haud</strong></span> <span class='ocrx_word' id='word_1_139' title='bbox 982 1951 1020 2010; x_wconf 90' lang='lat' dir='ltr'><strong>ita</strong></span> <span class='ocrx_word' id='word_1_140' title='bbox 1037 1949 1143 2014; x_wconf 84' lang='lat' dir='ltr'><strong>Troiae</strong></span> 
     </span>
     <span class='ocr_line' id='line_1_21' title="bbox 257 2029 1083 2112; baseline 0.001 -23"><span class='ocrx_word' id='word_1_141' title='bbox 257 2029 304 2090; x_wconf 82' lang='lat' dir='ltr'><strong>lle</strong></span> <span class='ocrx_word' id='word_1_142' title='bbox 316 2034 412 2109; x_wconf 79' lang='lat' dir='ltr'><strong>gessi,</strong></span> <span class='ocrx_word' id='word_1_143' title='bbox 431 2041 542 2092; x_wconf 82' lang='lat' dir='ltr'><strong>certans</strong></span> <span class='ocrx_word' id='word_1_144' title='bbox 554 2051 668 2110; x_wconf 87' lang='lat' dir='ltr'><strong>semper</strong></span> <span class='ocrx_word' id='word_1_145' title='bbox 678 2032 852 2094; x_wconf 84' lang='lat' dir='ltr'><strong>melioribus.</strong></span> <span class='ocrx_word' id='word_1_146' title='bbox 879 2031 940 2092; x_wconf 81' lang='lat' dir='ltr'><strong>Tir.</strong></span> <span class='ocrx_word' id='word_1_147' title='bbox 951 2031 1032 2112; x_wconf 77' lang='lat' dir='ltr'><strong>Ergo</strong></span> <span class='ocrx_word' id='word_1_148' title='bbox 1079 2081 1083 2089; x_wconf 94' lang='lat'>.</span> 
     </span>
     <span class='ocr_line' id='line_1_22' title="bbox 197 2113 1140 2197; baseline 0.005 -21"><span class='ocrx_word' id='word_1_149' title='bbox 197 2116 236 2176; x_wconf 80' lang='lat'><strong>20</strong></span> <span class='ocrx_word' id='word_1_150' title='bbox 256 2113 367 2193; x_wconf 82' lang='lat' dir='ltr'><strong>Pauper</strong></span> <span class='ocrx_word' id='word_1_151' title='bbox 380 2117 447 2175; x_wconf 88' lang='lat' dir='ltr'><strong>eris.</strong></span> <span class='ocrx_word' id='word_1_152' title='bbox 473 2114 552 2177; x_wconf 73' lang='lat' dir='ltr'><strong>title.</strong></span> <span class='ocrx_word' id='word_1_153' title='bbox 564 2115 678 2177; x_wconf 83' lang='lat' dir='ltr'><strong>Fortem</strong></span> <span class='ocrx_word' id='word_1_154' title='bbox 688 2118 744 2176; x_wconf 89' lang='lat' dir='ltr'><strong>hoo</strong></span> <span class='ocrx_word' id='word_1_155' title='bbox 755 2119 873 2176; x_wconf 92' lang='lat' dir='ltr'><strong>animum</strong></span> <span class='ocrx_word' id='word_1_156' title='bbox 885 2116 1008 2178; x_wconf 85' lang='lat' dir='ltr'><strong>tolerare</strong></span> <span class='ocrx_word' id='word_1_157' title='bbox 1020 2120 1140 2197; x_wconf 84' lang='lat' dir='ltr'><strong>iubebo,</strong></span> 
     </span>
     <span class='ocr_line' id='line_1_23' title="bbox 183 2193 943 2278; baseline 0.003 -20"><span class='ocrx_word' id='word_1_158' title='bbox 183 2197 194 2218; x_wconf 79' lang='lat'><strong><em>‘</em></strong></span> <span class='ocrx_word' id='word_1_159' title='bbox 256 2197 293 2258; x_wconf 87' lang='lat' dir='ltr'><strong>Et</strong></span> <span class='ocrx_word' id='word_1_160' title='bbox 305 2197 443 2277; x_wconf 90' lang='lat' dir='ltr'><strong>quondam</strong></span> <span class='ocrx_word' id='word_1_161' title='bbox 454 2202 558 2260; x_wconf 91' lang='lat' dir='ltr'><strong>maiora</strong></span> <span class='ocrx_word' id='word_1_162' title='bbox 570 2193 629 2260; x_wconf 83' lang='lat' dir='ltr'><strong>tuli.</strong></span> <span class='ocrx_word' id='word_1_163' title='bbox 660 2201 857 2278; x_wconf 73' lang='lat' dir='ltr'><strong>domminus,</strong></span> <span class='ocrx_word' id='word_1_164' title='bbox 870 2200 943 2260; x_wconf 90' lang='lat' dir='ltr'><strong>unde</strong></span> 
     </span>
     <span class='ocr_line' id='line_1_24' title="bbox 255 2282 942 2364; baseline 0.004 -23"><span class='ocrx_word' id='word_1_165' title='bbox 255 2282 375 2342; x_wconf 90' lang='lat' dir='ltr'><strong>Divitias</strong></span> <span class='ocrx_word' id='word_1_166' title='bbox 387 2285 518 2362; x_wconf 87' lang='lat' dir='ltr'><strong>aerisque</strong></span> <span class='ocrx_word' id='word_1_167' title='bbox 528 2302 620 2360; x_wconf 88' lang='lat' dir='ltr'><strong>ruam,</strong></span> <span class='ocrx_word' id='word_1_168' title='bbox 634 2285 679 2345; x_wconf 87' lang='lat' dir='ltr'><strong>die</strong></span> <span class='ocrx_word' id='word_1_169' title='bbox 690 2303 794 2364; x_wconf 78' lang='lat' dir='ltr'><strong>augur,</strong></span> <span class='ocrx_word' id='word_1_170' title='bbox 812 2300 942 2346; x_wconf 87' lang='lat' dir='ltr'><strong>aeervos.</strong></span> 
     </span>
     <span class='ocr_line' id='line_1_25' title="bbox 260 2365 1024 2448; baseline 0.007 -24"><span class='ocrx_word' id='word_1_171' title='bbox 260 2365 320 2425; x_wconf 70' lang='lat' dir='ltr'><strong>Ter.</strong></span> <span class='ocrx_word' id='word_1_172' title='bbox 332 2366 399 2426; x_wconf 88' lang='lat' dir='ltr'><strong>Dixi</strong></span> <span class='ocrx_word' id='word_1_173' title='bbox 411 2368 543 2446; x_wconf 88' lang='lat' dir='ltr'><strong>equidem</strong></span> <span class='ocrx_word' id='word_1_174' title='bbox 554 2378 583 2428; x_wconf 88' lang='lat' dir='ltr'><strong>et</strong></span> <span class='ocrx_word' id='word_1_175' title='bbox 594 2369 672 2429; x_wconf 91' lang='lat' dir='ltr'><strong>dieo:</strong></span> <span class='ocrx_word' id='word_1_176' title='bbox 689 2377 788 2448; x_wconf 83' lang='lat' dir='ltr'><strong>captes</strong></span> <span class='ocrx_word' id='word_1_177' title='bbox 800 2377 907 2428; x_wconf 88' lang='lat' dir='ltr'><strong>astutus</strong></span> <span class='ocrx_word' id='word_1_178' title='bbox 918 2369 1024 2448; x_wconf 84' lang='lat' dir='ltr'><strong>ubique</strong></span> 
     </span>
     <span class='ocr_line' id='line_1_26' title="bbox 255 2448 973 2529; baseline 0.006 -21"><span class='ocrx_word' id='word_1_179' title='bbox 255 2448 431 2511; x_wconf 80' lang='lat' dir='ltr'><strong>Testamenta</strong></span> <span class='ocrx_word' id='word_1_180' title='bbox 443 2469 559 2529; x_wconf 84' lang='lat' dir='ltr'><strong>senum,</strong></span> <span class='ocrx_word' id='word_1_181' title='bbox 572 2469 642 2528; x_wconf 85' lang='lat' dir='ltr'><strong>neu,</strong></span> <span class='ocrx_word' id='word_1_182' title='bbox 656 2455 680 2512; x_wconf 89' lang='lat' dir='ltr'><strong>si</strong></span> <span class='ocrx_word' id='word_1_183' title='bbox 691 2453 772 2512; x_wconf 87' lang='lat' dir='ltr'><strong>vafer</strong></span> <span class='ocrx_word' id='word_1_184' title='bbox 782 2469 852 2513; x_wconf 90' lang='lat' dir='ltr'><strong>unus</strong></span> <span class='ocrx_word' id='word_1_185' title='bbox 864 2461 893 2512; x_wconf 88' lang='lat' dir='ltr'><strong>et</strong></span> <span class='ocrx_word' id='word_1_186' title='bbox 903 2453 973 2512; x_wconf 91' lang='lat' dir='ltr'><strong>alter</strong></span> 
     </span>
     <span class='ocr_line' id='line_1_27' title="bbox 192 2528 816 2614; baseline 0.01 -24"><span class='ocrx_word' id='word_1_187' title='bbox 192 2528 231 2590; x_wconf 82' lang='lat'><strong>25</strong></span> <span class='ocrx_word' id='word_1_188' title='bbox 253 2530 448 2595; x_wconf 83' lang='lat' dir='ltr'><strong>insidiatorem</strong></span> <span class='ocrx_word' id='word_1_189' title='bbox 460 2552 596 2612; x_wconf 89' lang='lat' dir='ltr'><strong>praeroso</strong></span> <span class='ocrx_word' id='word_1_190' title='bbox 608 2535 816 2614; x_wconf 70' lang='lat' dir='ltr'><strong>inperitiam,</strong></span> 
     </span>
     <span class='ocr_line' id='line_1_28' title="bbox 123 2615 939 2696; baseline 0.004 -21"><span class='ocrx_word' id='word_1_191' title='bbox 123 2615 128 2620; x_wconf 82' lang='grc'><em>“</em></span> <span class='ocrx_word' id='word_1_192' title='bbox 252 2616 308 2676; x_wconf 83' lang='lat' dir='ltr'><strong>Aut</strong></span> <span class='ocrx_word' id='word_1_193' title='bbox 320 2636 400 2695; x_wconf 90' lang='lat' dir='ltr'><strong>spem</strong></span> <span class='ocrx_word' id='word_1_194' title='bbox 411 2618 537 2696; x_wconf 86' lang='lat' dir='ltr'><strong>deponas</strong></span> <span class='ocrx_word' id='word_1_195' title='bbox 552 2628 599 2680; x_wconf 87' lang='lat' dir='ltr'><strong>aut</strong></span> <span class='ocrx_word' id='word_1_196' title='bbox 610 2630 697 2682; x_wconf 89' lang='lat' dir='ltr'><strong>artem</strong></span> <span class='ocrx_word' id='word_1_197' title='bbox 708 2619 807 2680; x_wconf 86' lang='lat' dir='ltr'><strong>illusus</strong></span> <span class='ocrx_word' id='word_1_198' title='bbox 820 2622 939 2680; x_wconf 89' lang='lat' dir='ltr'><strong>omittas.</strong></span> 
     </span>
     <span class='ocr_line' id='line_1_29' title="bbox 252 2699 917 2779; baseline 0.006 -19"><span class='ocrx_word' id='word_1_199' title='bbox 252 2699 354 2779; x_wconf 80' lang='lat' dir='ltr'><strong>Magna</strong></span> <span class='ocrx_word' id='word_1_200' title='bbox 364 2703 491 2762; x_wconf 83' lang='lat' dir='ltr'><strong>minorve</strong></span> <span class='ocrx_word' id='word_1_201' title='bbox 502 2703 566 2764; x_wconf 85' lang='lat' dir='ltr'><strong>loro</strong></span> <span class='ocrx_word' id='word_1_202' title='bbox 578 2705 660 2764; x_wconf 88' lang='lat' dir='ltr'><strong>sires</strong></span> <span class='ocrx_word' id='word_1_203' title='bbox 673 2704 825 2764; x_wconf 85' lang='lat' dir='ltr'><strong>certabitur</strong></span> <span class='ocrx_word' id='word_1_204' title='bbox 836 2703 917 2766; x_wconf 90' lang='lat' dir='ltr'><strong>olim:</strong></span> 
     </span>
     <span class='ocr_line' id='line_1_30' title="bbox 252 2784 1006 2866; baseline 0.005 -24"><span class='ocrx_word' id='word_1_205' title='bbox 252 2784 335 2844; x_wconf 88' lang='lat' dir='ltr'><strong>Vivet</strong></span> <span class='ocrx_word' id='word_1_206' title='bbox 347 2795 408 2846; x_wconf 88' lang='lat' dir='ltr'><strong>uter</strong></span> <span class='ocrx_word' id='word_1_207' title='bbox 417 2785 548 2866; x_wconf 85' lang='lat' dir='ltr'><strong>locuples</strong></span> <span class='ocrx_word' id='word_1_208' title='bbox 563 2790 624 2847; x_wconf 86' lang='lat' dir='ltr'><strong>sine</strong></span> <span class='ocrx_word' id='word_1_209' title='bbox 636 2789 746 2866; x_wconf 80' lang='lat' dir='ltr'><strong>gnatis,</strong></span> <span class='ocrx_word' id='word_1_210' title='bbox 759 2788 919 2865; x_wconf 75' lang='lat' dir='ltr'><strong>improbus,</strong></span> <span class='ocrx_word' id='word_1_211' title='bbox 933 2787 1006 2847; x_wconf 89' lang='lat' dir='ltr'><strong>ultro</strong></span> 
     </span>
     <span class='ocr_line' id='line_1_31' title="bbox 252 2867 941 2948; baseline 0.004 -21"><span class='ocrx_word' id='word_1_212' title='bbox 252 2867 307 2942; x_wconf 82' lang='lat' dir='ltr'><strong>Qui</strong></span> <span class='ocrx_word' id='word_1_213' title='bbox 322 2868 467 2930; x_wconf 86' lang='lat' dir='ltr'><strong>meliorem</strong></span> <span class='ocrx_word' id='word_1_214' title='bbox 479 2872 568 2932; x_wconf 85' lang='lat' dir='ltr'><strong>audax</strong></span> <span class='ocrx_word' id='word_1_215' title='bbox 579 2880 666 2931; x_wconf 84' lang='lat' dir='ltr'><strong>voeet</strong></span> <span class='ocrx_word' id='word_1_216' title='bbox 675 2874 703 2932; x_wconf 90' lang='lat' dir='ltr'><strong>in</strong></span> <span class='ocrx_word' id='word_1_217' title='bbox 714 2874 775 2948; x_wconf 84' lang='lat' dir='ltr'><strong>ius,</strong></span> <span class='ocrx_word' id='word_1_218' title='bbox 792 2871 866 2931; x_wconf 87' lang='lat' dir='ltr'><strong>illius</strong></span> <span class='ocrx_word' id='word_1_219' title='bbox 880 2879 941 2931; x_wconf 87' lang='lat' dir='ltr'><strong>esto</strong></span> 
     </span>
     <span class='ocr_line' id='line_1_32' title="bbox 187 2952 887 3035; baseline -0.001 -19"><span class='ocrx_word' id='word_1_220' title='bbox 187 2955 229 3017; x_wconf 84' lang='lat'><strong>30</strong></span> <span class='ocrx_word' id='word_1_221' title='bbox 249 2952 409 3023; x_wconf 87' lang='lat' dir='ltr'><strong>Delens0r;</strong></span> <span class='ocrx_word' id='word_1_222' title='bbox 421 2954 493 3015; x_wconf 88' lang='lat' dir='ltr'><strong>lama</strong></span> <span class='ocrx_word' id='word_1_223' title='bbox 506 2959 596 3016; x_wconf 86' lang='lat' dir='ltr'><strong>eirem</strong></span> <span class='ocrx_word' id='word_1_224' title='bbox 609 2973 751 3035; x_wconf 83' lang='lat' dir='ltr'><strong>causaque</strong></span> <span class='ocrx_word' id='word_1_225' title='bbox 763 2957 887 3034; x_wconf 89' lang='lat' dir='ltr'><strong>priorem</strong></span> 
     </span>
     <span class='ocr_line' id='line_1_33' title="bbox 250 3037 964 3119; baseline 0.007 -24"><span class='ocrx_word' id='word_1_226' title='bbox 250 3037 369 3115; x_wconf 79' lang='lat' dir='ltr'><strong>Sperne,</strong></span> <span class='ocrx_word' id='word_1_227' title='bbox 383 3037 457 3098; x_wconf 91' lang='lat' dir='ltr'><strong>domi</strong></span> <span class='ocrx_word' id='word_1_228' title='bbox 469 3041 493 3100; x_wconf 88' lang='lat' dir='ltr'><strong>si</strong></span> <span class='ocrx_word' id='word_1_229' title='bbox 505 3050 605 3119; x_wconf 73' lang='lat' dir='ltr'><strong>gnatus</strong></span> <span class='ocrx_word' id='word_1_230' title='bbox 618 3042 671 3100; x_wconf 91' lang='lat' dir='ltr'><strong>erit</strong></span> <span class='ocrx_word' id='word_1_231' title='bbox 682 3039 839 3100; x_wconf 90' lang='lat' dir='ltr'><strong>leeundave</strong></span> <span class='ocrx_word' id='word_1_232' title='bbox 851 3041 964 3100; x_wconf 81' lang='lat' dir='ltr'><strong>coniux.</strong></span> 
     </span>
     <span class='ocr_line' id='line_1_34' title="bbox 249 3119 1131 3202; baseline 0.009 -23"><span class='ocrx_word' id='word_1_233' title='bbox 249 3119 1131 3202; x_wconf 79' lang='lat' dir='ltr'><strong>„Quinte“puta„autl’ubli‚“-gaudentpraenominemolles</strong></span> 
     </span>
     <span class='ocr_line' id='line_1_35' title="bbox 247 3204 949 3290; baseline 0.001 -25"><span class='ocrx_word' id='word_1_234' title='bbox 247 3204 398 3265; x_wconf 59' lang='lat' dir='ltr'><strong>:luriculae</strong></span> <span class='ocrx_word' id='word_1_235' title='bbox 410 3238 421 3251; x_wconf 90' lang='lat'><strong>·</strong></span> <span class='ocrx_word' id='word_1_236' title='bbox 433 3209 507 3284; x_wconf 84' lang='lat' dir='ltr'><strong>„tihi</strong></span> <span class='ocrx_word' id='word_1_237' title='bbox 518 3228 563 3268; x_wconf 89' lang='lat' dir='ltr'><strong>me</strong></span> <span class='ocrx_word' id='word_1_238' title='bbox 577 3211 664 3269; x_wconf 88' lang='lat' dir='ltr'><strong>virtus</strong></span> <span class='ocrx_word' id='word_1_239' title='bbox 676 3218 721 3267; x_wconf 90' lang='lat' dir='ltr'><strong>tua</strong></span> <span class='ocrx_word' id='word_1_240' title='bbox 733 3209 802 3267; x_wconf 85' lang='lat' dir='ltr'><strong>feeit</strong></span> <span class='ocrx_word' id='word_1_241' title='bbox 817 3210 949 3290; x_wconf 84' lang='lat' dir='ltr'><strong>amioum:</strong></span> 
     </span>
     <span class='ocr_line' id='line_1_36' title="bbox 163 3286 960 3370; baseline 0.01 -21"><span class='ocrx_word' id='word_1_242' title='bbox 163 3298 169 3316; x_wconf 88' lang='lat'><strong>¹</strong></span> <span class='ocrx_word' id='word_1_243' title='bbox 247 3286 318 3366; x_wconf 85' lang='lat' dir='ltr'><strong>„lus</strong></span> <span class='ocrx_word' id='word_1_244' title='bbox 330 3306 435 3368; x_wconf 89' lang='lat' dir='ltr'><strong>anoeps</strong></span> <span class='ocrx_word' id='word_1_245' title='bbox 446 3294 529 3370; x_wconf 86' lang='lat' dir='ltr'><strong>novi,</strong></span> <span class='ocrx_word' id='word_1_246' title='bbox 550 3311 650 3353; x_wconf 87' lang='lat' dir='ltr'><strong>eausas</strong></span> <span class='ocrx_word' id='word_1_247' title='bbox 662 3290 816 3351; x_wconf 82' lang='lat' dir='ltr'><strong>defendere</strong></span> <span class='ocrx_word' id='word_1_248' title='bbox 828 3308 960 3369; x_wconf 64' lang='lat' dir='ltr'><strong>possum</strong></span> 
     </span>
    </p>
   </div>
   <div class='ocr_carea' id='block_1_4' title="bbox 0 0 1268 3986">
    <p class='ocr_par' dir='ltr' id='par_1_4' title="bbox 0 0 1268 3986">
     <span class='ocr_line' id='line_1_37' title="bbox 0 0 1268 3986; baseline 0 0"><span class='ocrx_word' id='word_1_249' title='bbox 0 0 1268 3986; x_wconf 95' lang='lat' dir='ltr'><strong> </strong></span> 
     </span>
    </p>
   </div>
  </div>
 </body>
</html>
