2536 3986
129 205 283 283 [ouen]
558 206 677 268 uranu.

172 382 175 390 =
280 355 587 419 Necmuuushumeris
600 359 865 424 eflicacisHerculis
940 397 943 404 ,

251 487 257 502 i
332 438 432 500 luarsit
446 444 614 503 aestuosius.
836 435 840 444 ’

278 523 316 583 At
327 526 351 584 si
367 523 435 602 quid
448 521 568 603 unquam
581 525 637 584 tale
650 529 856 607 concupiveris,

329 606 434 667 locose
447 605 613 684 Maecenas,
626 625 739 686 precor,

234 703 235 706 ’
279 690 389 752 Manum
401 689 496 769 puella
508 694 586 751 savio
606 701 732 770 opponat
744 702 804 771 tuo,

328 773 459 834 Extrema
473 784 501 834 et
516 777 544 834 in
555 776 662 853 sponda
676 776 771 835 cubet.

528 952 689 964 -υή-ι

318 1234 358 1286 [Ν
376 1233 532 1286 CNAEUM
549 1233 747 1286 Pttutrulttm
760 1235 900 1295 ΜΕΝΑΜ.

276 1343 362 1422 Lupis
375 1352 403 1403 et
414 1346 494 1422 agnis
507 1352 608 1422 quanta
622 1347 722 1404 sortito
734 1345 844 1423 obtigit,

326 1426 431 1486 Tecum
441 1428 507 1486 mihi
520 1427 660 1488 discordia
672 1435 726 1504 est,

276 1511 416 1571 Hibericis
432 1521 547 1589 peruste
557 1511 670 1572 funibus
682 1511 755 1571 latus

325 1593 362 1653 Et
378 1612 458 1655 crura
471 1594 538 1656 dura
554 1595 703 1673 compede.

274 1677 353 1738 Licet
364 1679 504 1757 superbus
516 1679 643 1739 ambules
654 1679 784 1756 pecunia,

308 1779 309 1782 ’
322 1761 445 1822 Fortuna
459 1779 516 1822 uon
525 1771 616 1822 mutat
626 1781 727 1840 genus.

273 1845 413 1922 Videsne,
428 1845 541 1906 Sacram
551 1849 684 1906 metiente
695 1855 724 1905 te
735 1846 814 1905 Viam

327 1927 398 1988 Cum
412 1928 456 1987 bis
467 1931 549 1988 trium
559 1928 683 1988 ulnarum
693 1938 771 2006 toga,
836 1922 846 1936 “

272 2011 310 2072 Ut
325 2029 375 2071 ora
386 2020 476 2072 vertat
486 2012 541 2071 huc
553 2020 581 2070 et
593 2012 649 2072 huc
660 2015 779 2072 euntium

322 2093 474 2157 liberrima
484 2093 656 2171 indignatio?

273 2178 400 2256 „Sectus
412 2177 533 2254 flagellis
544 2179 591 2236 hic
602 2177 817 2238 triumviralibus

323 2259 498 2338 „Praeconis
510 2258 545 2320 ad
559 2260 701 2320 fastidium

210 2411 221 2424 .
273 2345 365 2422 „Anat
375 2343 485 2442 Falerni
499 2343 575 2402 mille
587 2343 665 2442 iundi
679 2345 786 2442 iugera,

273 2426 783 2590 „deillibiggdiemmndgldlssutrirrlrtr’imis
797 2527 885 2588 eques

324 2595 462 2672 „Othone
477 2603 619 2654 contemto
631 2594 727 2654 sedet!

169 2737 176 2746 ,
271 2678 371 2757 „Quid
382 2681 495 2753 attinet,
508 2685 550 2737 tot
562 2695 611 2738 ora
624 2681 734 2739 navium
745 2680 824 2757 graui

322 2762 477 2840 „Rostrata
490 2762 553 2822 duci
569 2761 696 2841 pondere

270 2845 400 2924 „Contra
413 2845 537 2908 latrones
550 2854 635 2924 atque
646 2845 777 2906 servilem
788 2863 896 2905 manum

321 2929 615 3007 „lloc,lroctriltuuo
629 2926 793 2990 milituml“
1041 2931 1084 2992 20

526 3155 676 3166 ...ι--α
