2526 3986
112 245 232 320 [saca]
510 231 668 298 ureuun.
1015 231 1072 296 usu

113 392 288 468 „Blattnmm
300 387 334 450 ac‘
343 389 607 467 tinearum‘epulae,
624 389 767 466 putrescat
777 383 895 446 in'arcu:
958 455 962 464 Δ
1028 403 1031 410 ’

113 475 273 551 „Nimirum
285 471 397 534 insanus
410 476 508 551 paucis
519 473 662 547 videatur,
678 486 713 530 ec
726 471 802 548 quod
822 483 823 490 ’
1015 475 1074 536 120
1088 526 1092 540 Ι

85 591 87 602 v
113 559 255 637 „Maxima
267 575 333 638 pars
343 559 484 618 hominum
494 557 594 616 morbo
607 558 722 636 iactatur
732 555 842 614 eedem.
860 577 862 580 ·

112 643 224 720 „Filius
235 651 282 702 aut
293 645 375 702 etiam
385 642 457 700 haec
467 641 585 700 libertus
599 649 629 698 ut
640 637 735 698 ebibat
744 638 838 714 lueres,

113 727 189 804 „Dis
200 729 313 786 inimice
326 743 429 801 senex,
443 719 590 784 custodis?
604 757 641 767 ——
656 721 700 782 Ne
712 721 763 780 tibi
774 721 869 782 desit‘d

112 809 306 888 „Quantulum
318 811 391 869 enim
402 825 525 870 summae
538 808 656 868 curtabit
671 807 791 884 quisque
804 805 919 883 dierum,
1028 823 1031 834 ¹

112 895 251 972 „lingere
264 895 288 952 si
301 893 396 952 caules
409 892 475 952 eleo
486 891 604 951 meliore
615 899 755 969 caputque
857 926 859 932 ι
1011 894 1070 956 125

113 977 280 1056 „Coeperis
292 979 402 1055 impexa
414 975 529 1036 ieedum
541 970 710 1054 porrigine?
734 973 837 1050 Quare,
999 981 1000 986 ’

111 1064 167 1139 „Si
183 1061 293 1140 quidvis
307 1063 374 1120 satis
386 1068 447 1136 est,
461 1059 608 1140 periuras,
627 1060 760 1136 surripis,
777 1058 870 1116 aufers

112 1143 288 1223 „Undiquei
310 1144 379 1204 Tun'
392 1141 495 1204 sanus?
513 1143 649 1222 Populum
662 1145 686 1202 si
699 1140 818 1201 caedere
830 1143 904 1200 saxis

113 1228 260 1308 „Incipias
271 1246 429 1308 servesque
440 1237 519 1305 tuus,
537 1246 609 1308 ques
620 1246 686 1288 aere
699 1228 815 1304 pararis,

111 1312 303 1392 „lnsanumlte
314 1329 411 1380 omnes
424 1315 504 1391 pueri
515 1313 697 1391 clamentque
708 1308 819 1388 puellae
828 1331 836 1378 '3
1011 1313 1071 1374 130

111 1396 207 1474 „Cum
219 1397 322 1476 laquea
333 1415 449 1457 uxorem
460 1399 594 1456 interimis
606 1405 777 1472 matremque
788 1407 910 1468 venene,

112 1480 275 1558 „Incolumi
295 1483 388 1558 eapite
404 1479 455 1540 esi
478 1480 552 1553 Quid
574 1477 666 1540 enim?
694 1478 795 1556 Neque
810 1487 838 1536 tu
851 1477 986 1538 iucclacis

616 1563 712 1641 ArgiS,

110 1647 197 1723 „Nec
209 1649 287 1709 icr'rc
300 1658 329 1708 ut
341 1649 456 1709 demens
468 1651 634 1726 genitricem
645 1647 753 1706 occidis
765 1645 892 1706 Orestes.

109 1733 178 1808 „An
189 1742 218 1791 tu
228 1735 300 1792 reris
313 1752 375 1794 eum
391 1734 488 1792 occisa
499 1735 636 1793 insanisse
648 1731 774 1809 parente,

108 1815 177 1891 „Ac
187 1833 244 1876 nou
255 1825 319 1876 ante
329 1816 408 1877 malis
421 1816 578 1886 dementem
589 1825 680 1875 actum
690 1813 796 1890 Furiis,
812 1833 893 1894 quam
1010 1817 1068 1878 135

108 1899 166 1975 „lu
177 1902 271 1960 matris
281 1901 378 1977 iugulo
393 1901 496 1959 ienum
507 1902 646 1977 tepefecit
656 1893 786 1958 acutum?

108 1981 225 2059 „Quin,
238 2002 275 2042 ex
287 1999 343 2061 quc
356 1992 399 2042 est
411 1982 522 2042 habitus
534 1983 606 2042 male
617 1991 693 2043 tutae
703 1983 804 2040 mentis
816 1980 943 2058 Orestes,

106 2066 179 2143 „Nil
192 2085 260 2125 sanc
272 2065 340 2124 iecit
355 2065 430 2146 quud
443 2075 473 2124 tu
484 2066 692 2151 reprehendere
704 2067 813 2142 possis:

106 2151 197 2227 „Non
207 2148 329 2224 Pyladen
340 2149 416 2228 ierne
432 2149 539 2208 violare
551 2167 672 2208 aususve
683 2163 809 2208 sororem

104 2234 288 2311 „Electram
309 2241 413 2293 tantum
429 2232 571 2292 maledicit
583 2235 694 2311 utrique
705 2232 833 2292 vocando
1009 2233 1068 2298 140
1109 2232 1114 2242 ”
1158 2275 1166 2294 ,

99 2318 210 2394 ¹„llauc
221 2316 347 2392 Furiam,
368 2317 442 2376 hunc
457 2316 548 2392 aliud,
568 2318 650 2376 iussit
666 2315 741 2394 quud
753 2312 898 2392 splendida
910 2314 984 2379 bilis.
1152 2341 1156 2350 ·

103 2399 241 2480 „Pauper
256 2400 383 2478 Opimius
395 2403 503 2478 argenti
520 2401 606 2478 positi
615 2402 688 2458 intus
705 2407 733 2458 et
744 2400 813 2473 auri,

102 2485 186 2562 „Qui
198 2485 381 2544 Veientanum
392 2485 472 2544 iestis
484 2493 583 2564 potare
595 2483 694 2542 diebus

102 2568 272 2649 „Campana
284 2567 384 2627 solitus
395 2568 477 2628 trulla
488 2583 665 2646 vappamque
677 2566 822 2646 profestis,
923 2567 924 2574 ’

101 2652 279 2729 „Quendam
290 2651 419 2730 lethargo
430 2651 527 2730 grandi
540 2661 584 2710 est
595 2668 761 2729 oppressus,
777 2658 807 2709 ut
817 2649 901 2708 heres
1011 2653 1066 2716 tte

101 2735 186 2812 „lam
199 2738 303 2795 circum
318 2731 432 2795 loculos
445 2745 474 2794 et
485 2735 580 2796 claves
595 2734 684 2794 laetus
701 2751 845 2812 ovansque

100 2819 272 2897 „Curreret
308 2818 388 2878 Hunc
404 2819 533 2878 medicus
550 2819 665 2878 multum
682 2817 760 2878 celer
774 2827 858 2896 atque
869 2817 959 2876 tidelis

100 2901 241 2980 „Excitat
255 2903 312 2961 hcc
322 2911 423 2986 pactu:
438 2921 562 2962 mensam
573 2903 639 2981 poni
651 2903 730 2963 iubet
740 2911 825 2979 atque

101 2986 241 3062 „Eliuudi
254 3003 356 3046 saccos
367 3002 556 3064 nummorum,
573 2986 713 3046 accedere
724 2985 821 3063 plures

99 3069 172 3148 „Ad
193 3071 405 3132 numerandum:
426 3071 567 3130 hominem
590 3073 632 3130 sic
654 3071 753 3147 eripdt3
767 3067 843 3128 addit
862 3076 890 3126 et
902 3067 983 3127 illud:
1008 3073 1068 3136 150

101 3199 125 3230 .,
134 3153 194 3230 „Ni
207 3163 254 3214 tua
267 3154 409 3231 custodis,
422 3154 520 3214 auidus
536 3155 671 3214 iam-haec
684 3153 794 3212 auferet
806 3154 899 3212 heres.

98 3235 898 3316 ,‚„0ptm.t1en’vtv0tMentetttvtvastgumvtgm,
920 3235 983 3296 Hoc

606 3321 673 3398 age!
690 3317 787 3398 Opim.
802 3318 950 3394 Quidvis?
