2526 3986
106 197 262 314 [escas]
522 228 679 292 urcsnn.
987 165 1068 290 ‘rot
1129 245 1157 266 .
1249 233 1250 244 ι

103 383 168 446 Νοιι
185 385 248 445 dieo
268 379 436 445 horrendam
454 383 570 444 rabiem.
583 427 590 443 .
604 428 611 443 .
625 388 636 440 .'
665 381 771 444 Horat.
790 380 848 442 lam
872 381 982 442 desine!
1027 435 1033 443 .

220 488 225 500 ’
604 465 693 530 Dum
706 463 817 534 Cultum
1029 537 1032 546 Ι

102 551 238 613 Maiorem
250 551 368 612 censu..
383 551 537 613 ..Horat
518 550 666 625 tl'eneas,
679 549 861 628 Damasippo,
872 553 927 609 tuis
940 553 984 609 tei

101 636 191 697 Dum.
202 634 280 696 Mille
296 635 469 714 puellarum
493 652 650 732 puerorum·
661 633 736 692 mille
753 633 917 692 furores...
1002 637 1063 698 325

101 718 209 780 Horat.
225 713 350 780 Omaror
363 720 473 779 tandem
488 736 606 797 parcas,
624 719 737 794 insane,
752 716 867 776 minori!

508 895 656 904 ..-.-,-.-..-

447 1027 629 1082 sermm
651 1027 714 1082 IV.

99 1137 207 1200 Horat.
221 1135 303 1204 Unde
324 1147 352 1196 et
369 1151 425 1215 quo
437 1133 555 1196 Catius?
581 1133 646 1196 Cat.
660 1133 723 1194 Non
735 1145 779 1195 est
789 1138 854 1196 mihi
867 1144 979 1216 tempus

602 1222 693 1280 aventi

65 1345 76 1366 -,
98 1303 208 1366 Ponere
220 1305 299 1381 signa
310 1306 391 1380 novis
404 1306 582 1381 praeceptis,
598 1303 692 1380 qualia
703 1305 814 1362 vineant

95 1387 275 1465 'Pythagoran
286 1387 427 1466 Anytique
439 1406 516 1447 reum
529 1388 699 1464 doctumque
713 1387 837 1446 Platona.

52 1531 54 1536 .
97 1471 204 1534 Horat.
219 1467 367 1531 Peccatum
379 1471 486 1547 fateor,
497 1489 566 1531 cum
577 1481 606 1530 te
618 1473 660 1530 sie
671 1479 799 1547 tempore
811 1470 893 1530 laevo
988 1475 993 1486 ’

97 1553 316 1632 interpellarim;
327 1555 378 1614 secl
391 1555 442 1614 des
452 1558 562 1614 veniam
575 1555 682 1630 bonus,
700 1571 761 1613 oro.
1042 1558 1059 1618 5

97 1637 182 1712 Quod
194 1636 217 1697 si
230 1637 401 1698 interciderit
416 1640 466 1698 tibi
477 1657 550 1697 nuno
561 1638 676 1717 aliquid,
690 1647 804 1716 repetes
816 1654 891 1714 mox,

96 1725 165 1782 Sive
179 1731 223 1782 est
231 1731 345 1782 naturae
356 1723 412 1807 hoc
427 1725 488 1781 sive
500 1725 582 1798 artis,
598 1725 684 1781 mirus
695 1730 824 1798 utroque.
922 1772 925 1780 ,

97 1805 165 1868 Cot.
178 1806 252 1879 Quin
263 1807 291 1866 id
303 1815 362 1867 erat
374 1801 468 1882 curae,
480 1823 536 1884 quo
548 1767 631 1884 peleto
644 1814 743 1864 cuncta
755 1815 891 1883 tenerem,

95 1889 202 1970 Utpote
215 1907 262 1949 res
278 1899 394 1965 tenues,
407 1891 483 1948 tenui
496 1905 626 1954 sermone
639 1898 777 1967 peractas.
961 1945 962 1948 ,

88 1965 202 2035 ‘Hor-at.
228 1970 289 2032 Ede
310 1973 429 2032 hominis
451 1988 567 2048 nomen,
597 1971 743 2048 simulet,
774 1971 915 2034 Romanus
941 1990 976 2033 an
1021 1973 1059 2032 10

598 2056 714 2133 hospes,

96 2137 164 2201 Uet.
179 2136 246 2216 lpsa
257 2155 365 2198 memor
378 2149 530 2216 praecepta
542 2157 656 2216 canam,
675 2137 812 2200 celabitur
825 2151 932 2200 auctor.

92 2221 191 2300 longa
203 2222 304 2301 quibus
316 2221 405 2281 iacies
422 2225 483 2281 ovis
499 2225 567 2298 erit,
583 2222 629 2282 illa
642 2221 793 2300 memento,

91 2307 130 2367 llt
143 2308 224 2366 succi
237 2305 362 2366 melioris
375 2315 403 2366 et
413 2315 443 2366 ut
454 2309 542 2384 magis
554 2306 617 2366 alba
628 2305 764 2381 rotundis,

92 2388 220 2450 Ponere:
232 2407 352 2470 namque
364 2408 467 2450 marem
479 2390 615 2449 cohibent
626 2389 732 2449 callosa
744 2389 879 2450 vitellum.

93 2473 184 2535 Caule
197 2473 357 2533 suburbano
374 2475 421 2552 qui
434 2476 519 2533 siccis
532 2475 659 2532 erevitin
671 2474 746 2550 agris
787 2537 788 2540 Ἴ
1018 2476 1056 2536 15
1160 2481 1163 2485 ’

90 2556 228 2634 Dulcior,
245 2558 351 2635 irriguo
363 2556 431 2617 nihil
443 2567 487 2616 est
499 2557 600 2617 elutius
613 2557 704 2624 horto.
789 2585 791 2588 v
849 2575 853 2584 ¹

92 2643 122 2701 Si
136 2642 319 2718 vespertinus
330 2642 423 2702 subito
438 2650 467 2701 te
480 2643 656 2719 oppresserit
666 2641 785 2718 hospes,

91 2724 137 2784 lle
148 2724 251 2802 gallina
263 2725 365 2784 malum
375 2734 528 2802 responset
539 2725 605 2785 dura
620 2724 724 2800 palato,

90 2808 202 2868 Doctus
215 2811 373 2868 erisvivam
387 2807 778 2868 mixto·mersareFalerno:‘
835 2845 836 2848 =
932 2873 936 2882 ¹

90 2892 155 2952 Hoc
166 2901 290 2952 teneram
302 2893 396 2952 faciet.
419 2891 599 2953 Pratensibns
611 2894 715 2969 optima
727 2891 821 2969 iungis
1018 2895 1057 2956 20
1082 2931 1085 2940 ‚

90 2975 268 3044 maturasse
282 2976 343 3036 aliis
360 2976 432 3036 male
445 2976 576 3036 creditur.
598 2976 650 3035 llle
663 2975 790 3036 salubres

90 3059 224 3121 hastatas
236 3069 369 3137 peraget,
388 3063 435 3138 qui
447 3063 535 3139 nigris
547 3058 661 3138 prandia
672 3062 757 3118 moris

90 3141 198 3218 Finiet,
211 3151 274 3202 ante
284 3162 400 3220 gravem
412 3162 484 3222 quae
495 3144 598 3222 legerit
606 3143 710 3202 ‘arbore
721 3142 821 3201 solem.

89 3225 218 3286 Aufidius
228 3226 295 3286 iorti
307 3227 444 3286 miscebat
454 3227 537 3301 mella
548 3227 679 3301 Falerno,

89 3307 391 3389 blendose,quoniam
402 3315 499 3370 vacuis
515 3310 689 3370 committere
698 3310 779 3368 vanis
