2526 3986
78 217 83 229 ’
187 179 302 280 ιιι
533 198 792 279 nmsromnun
925 221 1025 298 [repre.
1040 225 1082 280 ιι.
1099 211 1159 300 rat
1249 295 1250 322 ,

272 365 340 444 llic,
356 367 404 426 ubi
415 367 556 444 nequitiae
569 366 722 429 lautoribns
738 376 768 426 et
777 367 879 428 timidis
890 369 929 428 nil

270 451 327 510 Aut
338 449 450 529 paulum
465 449 632 526 abstulerat,
651 453 758 528 patinas
773 452 911 514 coenabat
922 454 1009 514 omasi

209 539 249 599 35
271 534 343 594 Vilis
355 542 384 593 et
395 535 530 611 agninae,
545 535 635 595 tribus
646 537 719 594 ursis
732 533 808 614 quod
819 537 887 595 satis
900 547 986 614 esset,

272 617 388 679 Scilicet
398 626 429 676 nt
439 626 552 678 ventres
563 614 652 680 lamna
667 618 804 678 candente
814 629 947 698 nepotum

272 701 389 761 Diceret
398 699 520 762 urendos
532 710 677 760 correctus
686 699 809 766 bestius:
831 700 919 779 Idem,

171 791 174 808 ⁴
273 783 415 864 Quidquid
428 793 487 844 erat
497 794 594 844 nactus
604 785 728 863 praedae
742 786 870 862 maioris,
887 787 935 846 ubi
947 803 1029 847 omne

271 870 400 930 Verterat
410 870 439 928 in
449 869 553 928 fumum
564 871 745 946 etcinerem,
763 868 850 945 „Non
860 869 975 930 hercule
990 874 1115 950 miror,“

210 953 251 1018 40
272 953 374 1014 Aiebat
384 953 433 1028 „si
445 954 493 1031 qni
505 952 654 1014 comedunt
664 953 753 1028 bona,
771 969 834 1012 cum
845 954 883 1012 sit
893 954 984 1013 obeso

272 1036 343 1114 „Nil
354 1035 454 1096 melius
466 1036 558 1112 turd0,
573 1035 612 1095 nil
623 1035 706 1096 vulva
716 1035 860 1113 pulchrius
874 1037 1000 1115 ampla.“

234 1183 237 1198 ,
272 1120 407 1180 Nimirum
418 1121 464 1180 bic
476 1137 532 1197 ego
545 1139 622 1179 sum:
637 1122 700 1179 nam
709 1128 767 1180 tuta
780 1128 809 1179 et
823 1120 938 1197 parvula
951 1121 1047 1197 lando,

273 1203 344 1265 Gum
357 1222 404 1264 res
416 1202 563 1279 deliciunt,
580 1205 647 1264 satis
662 1206 734 1262 inter
746 1202 811 1262 vilia
823 1203 918 1274 lortis;

272 1287 376 1349 Verum
387 1287 435 1348 ubi
447 1286 514 1366 quid
525 1284 625 1347 melias
637 1289 773 1365 contingit
783 1296 812 1346 et
822 1289 947 1364 unctius,
960 1288 1034 1350 idem

210 1374 250 1438 45
271 1371 331 1432 Vos
343 1387 445 1450 sapere
457 1381 486 1431 et
497 1371 576 1430 solos
589 1373 635 1430 aio
650 1371 724 1430 bene
735 1371 848 1447 vivere,
865 1389 983 1449 quorum

274 1454 455 1534 Conspicitur
468 1455 562 1514 nitidis
574 1455 686 1515 lundata
697 1457 817 1532 pecunia
827 1453 914 1514 villis

489 1831 738 1914 mnrenonn
754 1833 851 1888 xn.

448 1939 511 1994 ao
548 1939 903 2003 ourmcr1u‘m.

275 2061 318 2123 lle
331 2061 524 2140 perconteris,
544 2059 646 2120 landus
656 2078 750 2137 meus,
767 2061 873 2138 optime
885 2059 1008 2137 Quincti,

274 2147 351 2206 Arno
363 2147 460 2224 pasc'at
473 2144 587 2220 bemm,
606 2163 640 2204 an
658 2147 739 2208 bacis
760 2142 905 2222 opulentet
916 2143 1021 2218 olivae,

275 2230 423 2302 Pomisne,
440 2231 475 2285 an
489 2230 596 2307 pratis,
613 2248 649 2288 an
663 2231 766 2290 amicta
780 2230 885 2288 vitibus
897 2229 989 2288 ulmo:
1051 2295 1057 2304 ,

276 2315 421 2373 Scribetur
430 2311 481 2371 tibi
492 2311 581 2371 forma
591 2309 751 2390 loquaciter
762 2319 791 2370 et
803 2312 872 2392 situs
887 2313 956 2389 agri.

228 2400 253 2461 'b
277 2395 408 2458 Continui
421 2404 547 2471 montes,
566 2396 594 2454 ni
606 2395 795 2454 dissocientur
806 2408 897 2472 opaca
1094 2447 1097 2454 .

274 2479 370 2556 Valle,
387 2479 439 2538 scd
450 2488 480 2539 ut
490 2479 607 2538 veniens
622 2477 747 2540 dextrum
758 2477 831 2540 latus
843 2477 981 2556 adspiciat
993 2478 1055 2556 Sol,

276 2564 397 2624 Laevum
408 2561 558 2622 discedens
571 2579 652 2628 curru
663 2561 792 2640 fugiente
801 2570 930 2638 vaporet
993 2601 995 2605 ,

276 2646 455 2724 Temperiem
465 2643 573 2705 landes
598 2644 688 2722 Quid,
706 2663 730 2703 si
722 2643 894 2706 rubicunda
908 2645 1023 2724 benigni

278 2729 370 2791 Coma
379 2747 485 2808 vepres
496 2738 525 2789 et
538 2746 626 2816 pruna
637 2729 742 2806 ierant,
762 2730 787 2788 si
798 2746 920 2807 quercus
936 2738 964 2789 et
974 2727 1032 2789 ilex

215 2819 255 2880 10
275 2813 363 2874 Multa
373 2813 455 2891 fruge
465 2830 572 2891 pecus,
590 2802 675 2872 multa
687 2773 846 2872 dodrinum
838 2822 915 2872 iuvet
925 2811 1044 2874 umbrat

276 2899 364 2960 Dicas
376 2896 524 2957 adductum
536 2897 652 2974 propius
664 2895 797 2956 frondere
809 2893 968 2963 Tarentum

277 2981 353 3043 Fons
366 2982 449 3041 etiam
459 2982 520 3040 rivo
533 2979 599 3042 dare
610 2996 714 3040 nomen
728 2978 863 3056 idoneus,
884 2989 915 3040 ut
927 2997 982 3040 nec

276 3063 418 3145 Frigidior
428 3063 563 3125 Thracam
574 3081 629 3125 nec
640 3066 737 3142 purior
748 3065 850 3124 ambiat
862 3061 982 3141 Hebrus,

276 3149 388 3209 lnlirmo
405 3150 489 3227 capiti
502 3148 562 3208 linit
578 3146 675 3226 utilis,
704 3146 779 3208 utilis
791 3146 865 3207 alvo.
951 3197 959 3207 .

215 3238 254 3298 15
277 3233 337 3292 llae
349 3230 473 3291 latebrae
484 3231 583 3292 dulces
591 3193 714 3309 ,etidm,
731 3249 756 3291 st
748 3229 864 3291 credis
872 3223 1040 3307 ,amoenae,

279 3313 451 3376 incolumem
465 3316 514 3374 tibi
527 3335 571 3376 me
584 3324 725 3394 praestant
737 3276 950 3393 Septembribus
966 3313 1054 3373 boris.
