2526 3986
108 199 276 283 ¹[namn
518 194 644 254 summ
658 191 695 254 11.
780 223 783 234 s
1031 193 1092 256 sat

129 349 188 410 llos
201 347 302 408 ediscit
314 357 343 408 et
357 348 409 406 hos
421 349 597 424 attostipata
608 348 717 406 theatro
1054 351 1095 411 60

112 435 245 512 xSpectat
255 431 345 492 lioma
360 439 475 509 potens,
489 431 574 491 habet
584 431 637 490 hos
649 439 942 516 numeratquepottas
973 440 980 450 “

128 518 174 578 nd
184 525 310 578 nostrum
321 525 432 592 tempus
446 515 505 574 Livi
518 515 666 591 scriptoris
682 515 716 573 ab
728 532 809 575 aevo.
917 519 924 531 “
1076 518 1079 528 ’

130 599 270 662 Interdum
279 598 382 677 vulgus
393 607 501 658 rectum
507 598 602 672 -uidet3
615 607 659 657 est
670 599 716 658 ubi
729 608 840 675 peccat

129 686 159 744 Si
170 691 284 744 veteres
297 685 335 744 ita
345 684 459 742 miratur
469 683 619 760 laudatque
629 689 743 760 politas,

73 832 76 848 ,
118 768 164 830 'Ut
177 767 245 828 nihil
257 766 411 842 anteferat,
427 766 495 826 nihil
510 765 565 826 illis
578 775 737 843 comparet:
749 774 839 834 errat·;

84 873 87 880 ’
128 853 158 916 Si
174 851 310 931 quaedam
320 852 402 912 nimis
413 852 544 929 antiquo,
559 851 585 909 si
597 849 733 928 pleraque
745 848 815 915 dure

127 937 232 997 Dicere
244 935 334 996 credit
345 951 416 1011 eos,
433 936 536 1012 ignave
547 933 632 994 multa
644 934 760 994 latetur:

98 1046 101 1052 ¹
128 1019 165 1080 Et
176 1021 250 1098 sapit
262 1029 290 1080 et
301 1037 411 1080 mecum
423 1019 491 1078 iacit
502 1027 530 1080 et
541 1017 610 1078 love
621 1017 726 1077 iudicat
736 1033 841 1095 aequo.
939 1046 942 1055 ι

127 1103 192 1164 Non
203 1100 334 1182 equidem
345 1105 471 1164 insector
482 1102 794 1180 delendaquecarmin'a
804 1099 864 1160 Livi

126 1186 201 1248 Esse
213 1203 293 1262 reor,
307 1189 419 1248 memini
432 1205 504 1266 quae
517 1186 665 1264 plagosum
676 1186 742 1245 milri
756 1201 844 1262 parvo

128 1270 263 1332 Orbilium
275 1270 397 1340 dictare;
413 1271 465 1332 sed
477 1270 622 1331 emendata
633 1269 723 1329 videri

127 1354 302 1433 Pulchraque
313 1364 342 1415 et
354 1357 461 1416 exactis
473 1357 613 1416 minimum
625 1354 754 1414 distantia
766 1355 868 1415 miror,

126 1437 204 1500 luter
214 1457 287 1518 quae
296 1441 414 1500 verbum
426 1441 540 1502 emicuit
553 1441 577 1498 si
589 1438 663 1515 forte
675 1438 809 1499 decorum
823 1447 852 1498 et
938 1471 942 1478 »

127 1523 158 1582 Si
168 1541 269 1584 versus
281 1523 375 1601 paullo
387 1525 552 1584 concinnior
558 1532 674 1582 unuset
685 1520 770 1582 alter:

127 1605 232 1668 lniusta
246 1615 334 1668 totum
346 1607 422 1668 ducit
432 1607 584 1686 venditque
599 1615 712 1685 poema.

127 1690 260 1769 Indignor
271 1691 423 1771 quidquam
432 1691 618 1770 reprehendi,
634 1709 691 1751 non
703 1693 768 1770 quia
779 1707 876 1749 crasse

44 1797 47 1803 ·
127 1773 322 1853 Conpositum
332 1775 485 1854 illepideve
495 1786 623 1854 putetur,
638 1774 689 1834 sed
700 1776 765 1854 quia
775 1791 877 1852 nuper,

113 1857 193 1918 'Nec
204 1861 314 1920 reniam
325 1861 464 1938 antiquis,
479 1859 533 1919 sed
544 1861 680 1920 honorem
692 1868 720 1918 et
731 1859 854 1936 praemia
865 1858 958 1936 posci.
1017 1894 1020 1901 -

129 1943 219 2002 Recte
231 1960 322 2002 neone
334 1959 449 2002 crocum
460 1943 604 2021 iloresquc
619 1940 793 2020 perambulet
802 1940 886 2002 Attae

128 2024 234 2085 Fabula
246 2027 271 2084 si
283 2023 422 2102 dubitem,
443 2025 562 2087 clament
574 2028 697 2105 periisse
713 2025 849 2104 pudorem

129 2107 229 2169 Cuncti
242 2126 333 2188 paene
348 2119 460 2188 patres,
478 2127 586 2184 ealcum
597 2110 807 2188 reprehendere
819 2125 917 2186 coner,

128 2192 208 2265 Quae
221 2193 317 2271 grauis
328 2191 479 2276 Aesopus,
494 2213 567 2272 quae
579 2194 679 2254 doetus
691 2195 813 2254 Roscius
827 2195 900 2270 egit:

125 2275 180 2335 Vel
192 2279 257 2355 quia
268 2275 307 2338 nil
318 2285 426 2338 rectum
432 2305 444 2354 ,·
453 2279 508 2338 nisi
520 2277 596 2357 quod
608 2275 714 2356 placuit
725 2280 797 2353 sibi,
812 2277 926 2354 ducunt,

125 2361 179 2420 Vel
192 2363 257 2439 quia
268 2369 349 2439 turpe
362 2370 460 2441 putant
469 2379 571 2440 parere
581 2361 750 2438 minoribus,
766 2371 793 2421 et
805 2360 881 2439 qnae¹

126 2443 273 2504 lmberbes
287 2443 430 2521 didicere,
444 2465 530 2518 qenes
542 2445 686 2525 perdenda
698 2445 791 2505 lateri.

126 2527 185 2588 lam
199 2527 306 2588 Saliare
317 2528 424 2590 Numae
437 2547 549 2591 carmen
561 2533 608 2609 qui
620 2529 713 2590 laudat
725 2537 753 2590 et
764 2528 843 2605 illud,

127 2611 211 2686 Quod
223 2607 331 2691 mec'um
343 2616 470 2691 ignorat,
487 2613 566 2674 solus
578 2615 638 2674 vult
648 2616 723 2675 scire
738 2614 838 2691 videri,

125 2695 252 2773 Ingeniis
265 2713 321 2756 non
335 2696 383 2758 ille
393 2697 470 2760 iavet
480 2699 644 2778 plauditque
656 2697 787 2778 sepultis,

126 2779 229 2840 Nostra
241 2780 293 2840 sed
302 2782 463 2860 impugnat,
477 2800 531 2843 nos
542 2792 695 2863 nostraque
706 2781 809 2844 lividus
822 2781 890 2843 odit.

127 2861 212 2938 Quod
223 2866 248 2926 si
259 2873 315 2926 tam
327 2863 444 2928 Graecia
456 2870 566 2928 nouitas
577 2870 668 2929 inrisa
679 2867 782 2928 inisset

127 2947 217 3021 Quam
230 2949 332 3026 nobis,
347 2949 414 3029 quid
425 2970 498 3014 nunu
510 2962 588 3012 esset
599 2949 702 3012 vetus?
715 2959 762 3012 aut
773 2951 841 3030 quid
853 2950 981 3027 haberet,
1052 3013 1055 3023 ,

127 3031 210 3105 Quod
221 3031 332 3111 legeret
343 3042 506 3115 tereretque
516 3039 619 3097 viritim
631 3033 762 3115 publicus
773 3032 871 3095 usust*

125 3116 162 3177 Ut
174 3118 292 3196 primum
306 3121 408 3196 positis
420 3122 518 3198 nugari
531 3119 649 3182 Graecia
660 3119 744 3181 bellis

127 3199 230 3278 Coepit
242 3211 270 3262 et
281 3203 309 3262 in
320 3205 416 3264 vitium
428 3204 537 3264 iortuna
549 3205 638 3266 labier
647 3223 748 3284 aequa,
929 3247 947 3285 ,

128 3283 153 3344 N
156 3304 208 3346 une
220 3285 385 3348 athletarum
400 3287 499 3349 studiis
512 3308 585 3349 nunc
595 3291 662 3350 arsit
673 3306 819 3368 equorum,
