2526 3986
168 221 231 288 mo
533 223 796 288 uummmmm
946 227 1137 304 [emes]
1255 179 1256 246 Ῑ

250 377 399 438 Auriculas
412 376 534 436 citharae
546 375 668 438 collecta
681 376 766 438 sorde
778 375 917 439 dolentes.

251 462 397 522 Sincerum
409 469 453 520 est
464 461 517 519 nisi
531 479 597 537 vas,
617 461 807 540 quodcunque
823 460 944 521 infundis
957 464 1076 530 acescit

188 547 227 609 55
250 546 361 626 Sperne
376 543 552 622 voluptates:
567 554 654 605 nocet
668 555 740 606 emta
752 544 852 608 dolore
862 543 1023 626 uoluptas.¹

250 630 370 708 Semper
382 646 481 690 avarus
496 637 578 706 eget:
591 635 698 690 certum
708 638 776 702 ¹voto
790 625 858 708 pete
874 628 967 688 linem.

250 711 362 773 Invidus
378 711 492 772 alterius
503 714 653 774 macrescit
662 713 748 774 rebus
760 714 879 791 opimis;
1065 717 1081 754 ⁴

249 795 357 858 Invidia
368 795 527 868 Siculinonj
534 798 668 856 invenere
679 800 787 873 tyranni

247 879 338 940 Maius
351 889 528 941 tormentum.
552 879 607 953 Qui
620 897 676 940 non
687 880 877 942 moderabitur
887 884 957 958 irae,

186 967 227 1028 60
248 962 387 1024 Infectam
398 962 478 1024 volet
489 982 571 1043 esse,
585 963 667 1024 dolor
678 964 754 1044 quod
769 965 890 1028 suaserit
902 975 930 1026 et
940 983 1033 1042 mens,

248 1047 322 1109 Dum
334 1063 441 1126 poenas
452 1046 519 1107 odio
530 1064 583 1126 per
594 1051 650 1108 nim
661 1049 775 1122 festinat
786 1049 886 1110 inulto.

248 1130 292 1191 Ire
304 1132 382 1192 furor
392 1133 488 1192 brevis
501 1141 561 1192 est:
576 1134 696 1194 animum
708 1151 794 1211 rege:
806 1135 854 1213 qui
869 1134 922 1194 nisi
938 1143 1030 1210 paret,

201 1245 203 1250 ,
248 1212 384 1294 Imperat:
397 1216 471 1276 hunc
484 1215 588 1293 irenis,
601 1215 675 1276 hunc
691 1225 721 1276 tu
732 1234 886 1296 compesce
898 1226 1006 1276 catena.

246 1297 340 1377 Fingit
353 1317 455 1379 equum
466 1308 563 1360 tenera
581 1299 702 1360 docilem
717 1301 831 1362 ceruice
844 1302 978 1380 magister

184 1385 224 1445 65
247 1381 293 1442 lre
308 1385 382 1444 viam
405 1403 460 1464 qne
475 1392 613 1446 monstret
624 1402 713 1463 eques
723 1407 729 1454 ;
740 1387 904 1462 venaticus,
918 1401 1024 1464 exquo

225 1481 227 1485 ·
248 1465 389 1545 Tempore
401 1469 541 1528 cervinam
553 1467 657 1546 pellem
668 1467 777 1529 labant
792 1471 820 1529 in
832 1468 904 1547 nula,

247 1549 346 1612 Militat
357 1553 385 1611 in
400 1551 479 1611 silvis
495 1551 614 1612 catulus.
638 1551 833 1614 Nunoadbibe
846 1570 916 1631 puro

247 1632 367 1695 Pectore
378 1634 482 1713 verba,
497 1652 583 1714 puer,
596 1655 669 1698 nunc
678 1645 707 1696 te
717 1636 882 1698 melioribus
895 1631 975 1698 oder.

248 1716 312 1790 Quo
328 1717 417 1778 semel
430 1728 474 1778 est
485 1718 589 1781 imbuta
611 1740 714 1784 recens
735 1720 859 1781 servabit
871 1719 988 1781 odorem

184 1801 225 1862 70
247 1800 332 1862 Testa
343 1802 400 1863 diu.
424 1800 533 1876 Quodsi
546 1820 644 1864 cesses
659 1814 706 1865 aut
717 1812 848 1865 smenuus
859 1806 959 1881 ahteis,

248 1884 311 1946 Nec
322 1885 429 1947 tardum
440 1889 576 1968 opperior
589 1888 891 1966 necrpraecedentibus
903 1889 987 1948 insto.

873 2045 882 2064 ²
954 2047 959 2078 Ι

573 2089 723 2100 ———-—

367 2327 370 2332 Ι
475 2253 723 2310 numerorum
738 2229 813 2310 m.

272 2392 277 2409 ,
387 2359 906 2444 nonnnnumnnonum

242 2474 294 2536 luli
306 2475 407 2552 Flore,
421 2474 523 2553 quibus
534 2482 668 2534 terrarum
679 2471 778 2533 militet
790 2475 847 2533 oris

244 2559 377 2622 Claudios
387 2557 509 2636 Augusti
522 2559 684 2635 privignus,
697 2558 772 2617 scire
784 2556 893 2617 laboro.

242 2642 387 2704 Thracane
398 2657 450 2701 nos
463 2639 631 2720 Hebrusque
641 2640 725 2702 nivali
738 2639 877 2719 compede
888 2641 1010 2718 vinctus,

242 2728 286 2789 An
298 2728 370 2787 freta
380 2727 488 2785 vicinas
500 2726 573 2785 inter
584 2726 721 2785 currentia
732 2734 834 2801 turres,

161 2847 164 2858 ι
201 2811 219 2871 5
241 2811 286 2871 An
301 2812 422 2890 pingues
435 2808 523 2870 Asiae
535 2812 625 2886 campi
638 2806 786 2888 collesque
797 2805 961 2868 morantur?

243 2893 318 2969 Quid
330 2893 456 2956 studiosa
470 2893 574 2954 cohors
589 2909 706 2970 operum
716 2889 821 2954 struit?
837 2892 894 2953 hoc
911 2907 1028 2972 quoquc
1043 2909 1124 2953 curo.

241 2977 312 3051 Quis
325 2978 378 3038 sibi
389 2995 437 3038 res
448 2985 546 3054 gestas
556 2975 677 3055 Augusti
689 2977 816 3037 scribere
827 2971 930 3036 sumit?

240 3061 319 3122 Bella
331 3063 394 3140 quis
407 3069 436 3120 et
447 3077 534 3138 paces
546 3060 661 3138 longum
673 3059 801 3121 diffundit
811 3061 840 3120 in
851 3056 970 3120 aevum?

241 3143 315 3219 Quid
330 3143 418 3206 Titius
434 3143 559 3206 Romane
574 3145 652 3206 brevi
667 3145 915 3221 veronostram,

182 3230 218 3292 10
241 3227 378 3289 Pindarici
391 3228 477 3289 fontis
490 3229 537 3308 qui
550 3245 605 3289 non
622 3228 756 3308 expalluit
767 3227 893 3305 haustus,
947 3271 952 3278 ι

237 3311 376 3373 Fastidire
392 3309 471 3371 lacus
484 3322 512 3372 et
526 3314 602 3373 rivos
613 3331 698 3373 ausus
710 3309 846 3391 apertos?
