2536 3986
128 183 298 266 [onore]
344 230 347 236 .
421 271 425 278 f
496 187 606 252 mom
623 185 674 248 rv.

278 337 393 400 Paulum
407 338 535 418 sepultae
548 337 631 418 distat
643 341 761 400 inertiae

193 451 201 458 -
278 421 376 484 Celata
386 425 485 482 virtus.
522 419 586 482 Non
598 437 656 500 ego
669 433 698 483 te
708 427 812 501 meis
864 487 865 492 ,

216 543 219 552 κ
327 504 436 567 chartis
447 508 603 566 inornatum
617 505 719 584 silebo,

370 588 461 649 'lotus'
475 598 540 649 tuos
556 584 645 666 pdtiar
654 589 767 650 labores

275 695 407 792 Impune,
419 713 506 790 Lolli,
522 730 640 792 carpere
651 713 751 778 lividas

278 796 452 863 obliviones.
488 794 541 858 Est
552 799 659 857 animus
671 798 722 857 tibi

326 881 489 960 Rerumque
500 879 625 959 prudens
636 889 664 940 et
676 881 808 941 secundis

370 964 557 1044 Temporibus
570 963 719 1043 dubiisque
730 973 837 1042 neotus,
852 1041 853 1044 Ἴ

274 1090 384 1152 Vindex
398 1109 498 1154 avarae
510 1090 617 1152 fraudis
630 1097 660 1152 et
671 1092 815 1152 abstinens

274 1173 411 1235 Ducentis
423 1175 459 1235 nd
470 1184 615 1242 seeunote
626 1176 777 1254 pecuniae,

325 1256 489 1337 Consulque
503 1276 559 1319 non
571 1260 653 1319 unius
665 1261 739 1334 enni,

366 1341 425 1404 Sed
437 1345 549 1421 quoties
561 1343 652 1402 bonus
668 1352 754 1422 atque
765 1341 836 1403 lidus

136 1521 139 1528 ,
274 1463 363 1527 ludex
373 1467 522 1546 honestum
535 1466 668 1545 praetulit
679 1466 754 1542 utilit
838 1505 843 1518 ·

127 1549 130 1552 ’
188 1613 192 1616 ,
275 1548 387 1610 Reiecit
398 1550 454 1611 alto
466 1550 539 1627 donn
550 1552 712 1612 nocentium

259 1696 263 1704 ,
321 1634 427 1710 Vultu,
440 1652 491 1715 per
503 1635 648 1696 obstantes
661 1642 788 1694 ostensos
903 1637 905 1646 “

366 1718 510 1798 Explicuit
522 1737 572 1780 sua
586 1716 681 1778 vietor
689 1735 773 1778 arma.

275 1841 340 1903 Non
352 1843 546 1922 possidentem
554 1842 640 1904 mults
654 1843 803 1903 vocaveris

273 1927 364 1994 Reote
378 1927 505 1995 beatum:
530 1928 635 1986 reetius
650 1935 772 2004 ooeupat

325 2009 434 2070 Nomen
444 2010 536 2085 beati,
553 2011 601 2088 qui
613 2009 729 2069 deorum

367 2091 530 2153 Muneribus
544 2094 686 2170 sapienter
696 2095 736 2152 uti

274 2217 436 2295 limamque
451 2216 535 2292 pallet
546 2219 711 2294 pauperiem
724 2219 792 2294 pati,

275 2299 415 2380 Peiusque
426 2299 484 2360 leto
500 2300 635 2378 flagitium
646 2301 734 2375 timet,

327 2383 392 2444 llon
404 2383 453 2444 ille
467 2401 519 2463 pro
531 2383 714 2459 earisamieis
784 2439 786 2444 ,

291 2531 292 2534 ,
368 2463 762 2546 Autpatriatimiduspeiire.

538 2625 685 2640 ..μ--ι-

478 2771 691 2828 pulex.
865 2823 870 2831 ,.

381 2889 446 2944 ΑΙ)
482 2880 835 2943 LIGURINUM.
928 2917 930 2922 .

209 2999 234 3061 0
248 2999 369 3060 erudelis
385 2999 476 3062 adhue
492 3009 520 3061 et
529 3001 650 3062 Veneris
661 3000 823 3060 muneribus
836 3007 950 3077 potens,

207 3081 354 3162 Insperata
365 3093 430 3146 tuae
442 3102 506 3144 eum
518 3087 613 3144 veniet
624 3083 721 3162 plume
733 3083 884 3161 superbiae
929 3092 943 3148 ᾖ
962 3105 965 3110 ·

207 3165 260 3244 m,
277 3186 351 3248 quoe
363 3187 436 3228 nuno
451 3170 575 3228 humeris
588 3168 747 3244 involitant‚
769 3166 923 3228 desiderint
934 3184 1043 3246 comae,

208 3250 290 3311 Nune
301 3260 329 3312 et
345 3253 393 3331 qui
408 3252 489 3312 eolor
502 3261 545 3312 est
557 3254 695 3330 puniceae
709 3251 780 3312 flore
792 3253 869 3331 prior
878 3268 972 3328 rosae,
