2526 3986
124 225 226 293 [opst
242 222 283 277 rs.
300 220 355 296 m]
534 215 643 278 trouu
659 217 681 278 1.
739 201 748 222 ‘
827 166 831 180 ’
1026 213 1088 276 uuo
1155 247 1157 264 ι

123 369 257 448 ingenuis
270 369 420 448 oculisque
429 367 489 446 legi
497 371 685 448 manibusque
693 370 793 431 teucri.

124 453 205 514 Scire
216 454 304 532 veiis,
318 472 379 513 meu
392 471 442 512 cur
452 454 577 531 ingratus
590 451 833 532 opuscululcctor-
1037 453 1087 514 uo

123 537 229 598 Laudet
239 547 369 616 ametque
384 533 475 613 domi,
487 548 596 615 premat
608 547 685 597 extro
697 537 781 596 limen
791 537 913 614 iniquus.
928 601 931 607 ,

122 621 187 682 Non
199 638 255 699 ego
266 631 403 683 ventosae
414 620 507 698 plebis
520 622 651 700 suffragio
662 636 752 680 venor

122 705 262 784 impensis
275 721 425 766 coenarum
438 713 467 764 ct
477 707 558 765 tritae
569 723 683 774 munere
694 705 799 770 vestis;

122 789 186 850 Nou
198 787 270 868 ego,
290 788 425 850 nobilium
436 791 604 868 scriptorum
616 789 725 850 auditor
738 796 768 847 et
779 785 863 862 ultor,

123 873 321 934 Grammaticus
332 872 437 933 ambire
448 874 536 933 tribus
551 881 579 934 et
593 874 702 954 pulpito
712 871 829 950 dignor:

121 957 193 1018 Hinc
204 957 271 1018 illae
283 957 424 1017 lacrimae.
447 957 580 1036 „Spissis
590 958 705 1035 indigno
720 955 835 1016 theatris

122 1043 258 1120 „Scripta
270 1041 357 1121 pudet
367 1043 487 1102 recitare
501 1051 529 1101 et
540 1044 622 1121 nugis
634 1042 739 1124 addere
753 1037 888 1118 pondus“

122 1125 153 1186 Si
167 1126 238 1195 dixi;
254 1124 390 1202 ‚‚Rides“
402 1127 458 1202 uit,
474 1135 527 1202 „et
537 1125 614 1186 lovis
625 1127 738 1186 ¹ruribus
750 1127 804 1184 ista
902 1185 905 1188 .

122 1210 264 1288 „Servum
284 1209 449 1286 iidiseuim,
462 1229 573 1270 manure
586 1207 794 1288 poetica-mella

122 1293 187 1371 „Te
200 1293 307 1371 solum,
320 1295 371 1355 tibi
382 1293 536 1372 pulcher.“
557 1295 603 1354 Ad
614 1296 685 1354 hoec
698 1311 753 1372 ego
764 1289 878 1352 naribus
891 1291 930 1350 uti
1039 1290 1085 1352 tt

122 1375 255 1438 Formido
268 1379 556 1456 et,2luctuntisucuto
572 1399 609 1438 ue
619 1397 702 1438 secer
714 1372 811 1454 ungui,

123 1462 287 1540 „Displicet
298 1464 352 1548 iste
363 1462 470 1523 locus“
482 1463 589 1540 clamo,
606 1473 635 1523 et
646 1462 749 1524 diludia
761 1473 862 1538 posco.

122 1545 215 1606 Ludus
227 1548 299 1606 euim
311 1550 408 1626 genuit
422 1544 561 1625 trepidum
573 1557 714 1608 certamen
729 1549 846 1620 stiram,

121 1630 166 1691 lm
177 1639 271 1690 truces
283 1633 439 1692 inimicitias
451 1641 479 1690 et
489 1632 608 1693 funebre
619 1631 733 1697 beilum.

531 1827 681 1836 ῃ*

433 1987 770 2045 ΕΡῙΕΤΟΒᾹΧΧ.

225 2089 229 2094 ’
341 2087 405 2138 ΑΙ)
440 2087 665 2140 LIBRUM
700 2089 863 2144 SUUM.

120 2207 300 2267 Vertumnum
311 2205 480 2286 Ianumque,
496 2208 582 2285 liber,
602 2218 733 2286 spectare
746 2210 863 2288 videris,

110 2289 237 2358 ,Scilicet
248 2298 277 2348 ut
288 2301 401 2368 prostes
413 2292 558 2352 Sosiomm
570 2294 682 2370 pumice
693 2293 820 2354 mundus.

119 2373 210 2434 Odisti
223 2373 318 2434 claues
330 2383 359 2435 ct
369 2385 448 2454 gruta
459 2376 551 2454 sigilio
562 2376 681 2454 pudico;

73 2521 74 2525 ,
119 2457 219 2518 Paucis
231 2458 341 2518 ostendi
351 2462 443 2537 gemis
454 2469 484 2521 ct
494 2457 763 2537 communialuudus‚

118 2541 369 2603 Nouitouutritus.
392 2543 489 2622 Fuge,
507 2561 563 2622 quo
579 2542 755 2604 descendere
766 2546 869 2621 gestis:

118 2625 181 2687 Nou
194 2628 247 2686 erit
258 2628 362 2688 emisso
374 2627 482 2689 reditus
496 2628 557 2688 tibi.
579 2627 680 2706 „Quid
690 2629 776 2686 miser
788 2627 854 2705 ogi?

119 2709 220 2787 „Quid
234 2707 335 2776 volui?
356 2711 453 2789 dicos,
467 2712 514 2771 ubi
525 2713 589 2791 quis
600 2719 630 2772 te
641 2711 772 2778 laeserim
786 2718 815 2771 et
826 2713 883 2770 scis

117 2792 149 2853 iu
159 2795 248 2854 breve
259 2803 287 2854 te
299 2797 381 2874 cogi,
396 2814 458 2856 cum
470 2795 570 2873 plenus
582 2795 697 2874 languet
705 2803 820 2855 amator.

120 2877 203 2950 Quod
215 2881 239 2938 si
250 2896 307 2941 oon
319 2878 386 2940 odio
398 2881 544 2958 peccantis
556 2879 661 2958 desipit
670 2896 770 2956 augur,

119 2959 208 3022 Carus
221 2965 277 3024 eris
288 2963 416 3041 Romae,
435 2963 567 3027 dorccte
578 2963 682 3024 deserit
700 2973 793 3032 uetos3

119 3043 316 3108 Coutreotutus
328 3050 376 3109 ubi
392 3050 518 3110 monibus
531 3047 700 3108 sordescere
711 3046 790 3124 voigi

118 3127 274 3208 Coeperis,
292 3143 339 3193 aut
350 3135 442 3194 tineus
452 3150 556 3211 posces
568 3133 721 3192 taciturnus
733 3133 849 3205 inertes,

61 3268 66 3280 ,
117 3213 172 3274 Aut
187 3215 283 3292 fugies
291 3215 416 3294 Uticam,
434 3219 602 3278 autvinctus
613 3217 730 3274 mitteris
743 3213 870 3276 ilerdam.

117 3297 230 3359 iiidebit
241 3301 362 3362 monitor
372 3318 429 3361 non
441 3300 604 3376 exauditus,
623 3306 652 3358 ut
663 3298 722 3373 ille,
