2526 3986
121 229 220 306 [Epist.
232 231 270 308 e]
527 215 636 287 LIBER
650 226 672 286 1.
1024 226 1085 290 207
1140 239 1143 254 *

119 378 248 454 Rursus,
265 377 332 456 quid
344 381 432 438 virtus
443 387 472 438 et
486 379 553 457 quid
564 381 701 458 sapientia
712 382 814 458 possit,

119 463 194 523 Utile
205 463 356 540 proposuit
368 462 450 522 nobis
463 463 608 542 exemplar
619 462 730 539 Ulixen,
751 465 756 491 ³

120 547 174 618 Qui
187 546 309 606 domitor
320 545 422 606 Troiae
433 547 581 606 multorum
593 547 728 624 providus
739 548 825 606 urbes

118 630 154 690 Et
168 647 263 690 mores
275 631 565 708 hominuminspexit,
583 631 726 709 lutumque
737 648 790 708 per
800 647 917 710 aequor,
1043 635 1085 697 20

118 710 275 790 Dum‘sibi,
289 714 353 773 dum
367 716 454 773 sociis
464 714 583 774 reditum
593 724 688 798 parat,
700 733 801 792 aspera
812 714 896 774 multa
923 725 927 739 ·

117 797 247 875 Pertulit,
264 797 390 858 adversis
404 817 497 857 rerum
509 798 704 882 immersabilis
716 798 807 858 unalia.

118 883 247 942 Sirenum
257 899 347 942 uoces
358 891 388 942 et
399 879 500 942 Circae
512 882 614 960 pocula
628 885 719 951 nosti;
754 907 758 924 t

118 965 199 1039 Quae
212 967 238 1025 si
250 984 313 1026 cum
323 966 411 1026 sociis
424 966 525 1026 stultus
536 966 715 1046 cupidusque
725 965 855 1042 bibisset,

116 1051 174 1110 Sub
187 1049 298 1110 domina
309 1051 458 1109 meretrice
468 1050 571 1111 luisset
582 1053 688 1127 turpis,
702 1057 732 1108 et
747 1065 852 1110 excors

114 1134 242 1193 Vixisset
254 1136 330 1194 canis
342 1133 497 1194 immundus
509 1134 556 1194 vel
571 1137 660 1194 amica
673 1135 731 1194 lnto
744 1152 803 1193 sus.
840 1195 844 1201 ,

114 1216 176 1278 Nos
187 1219 426 1278 numerus'sumus
442 1227 472 1291 et
484 1218 581 1296 fruges
597 1235 763 1280 consumere
774 1220 841 1294 nati,

114 1302 220 1379 Sponsi
231 1299 407 1380 Penelopae,
421 1302 593 1374 nebulones,
607 1302 777 1380 Alcinoique

113 1383 146 1445 ln
158 1387 221 1445 cute
234 1385 353 1446 curanda
365 1385 429 1462 plus
441 1404 534 1464 aequo
548 1396 662 1465 operata
674 1389 814 1460 inventus,

114 1467 168 1529 Cui
179 1468 324 1547 pulchrum
335 1470 388 1529 init
398 1471 426 1529 in
437 1471 546 1530 medios
559 1471 680 1530 dormire
692 1470 753 1530 dies
765 1477 794 1528 et

112 1552 158 1613 Ad
174 1555 320 1630 strepitum
332 1555 456 1614 citharae
470 1564 609 1615 cessatum
622 1555 725 1614 ducere
740 1571 844 1612 curam.

111 1637 150 1697 Ut
160 1636 287 1716 iugulent
297 1637 442 1714 homines,
457 1648 574 1717 surgunt
586 1640 621 1699 de
632 1648 717 1699 nocte
730 1638 868 1697 latrones:

110 1719 149 1781 Ut
160 1730 189 1780 te
201 1723 293 1799 ipsum
305 1740 420 1798 serves,
434 1736 495 1784 non¹
503 1719 736 1800 expergisceris?
753 1721 840 1800 Atqui

111 1805 144 1864 Si
154 1805 236 1864 noles
248 1824 349 1881 sanus,
364 1823 461 1866 curres
473 1805 662 1884 hydropicum
674 1816 702 1866 et
713 1808 741 1864 ni

109 1887 218 1948 Posces
236 1889 385 1948 antediem
397 1888 497 1949 librum
510 1907 573 1949 cum
584 1890 701 1966 lumine,
713 1891 737 1948 si
753 1905 810 1949 non

108 1970 243 2032 Intendes
255 1973 374 2030 animum
385 1971 484 2032 studiis
497 1983 526 2032 et
536 1974 622 2032 rebus
633 1974 772 2048 honestis,

107 2054 217 2116 Invidia
227 2053 274 2113 vel
288 2071 384 2114 amore
398 2056 466 2132 vigil
484 2057 665 2135 torquebere.
688 2056 758 2117 Nam
770 2073 830 2133 cur,

108 2138 192 2212 Quae
203 2137 316 2197 laedunt
327 2137 456 2215 oculum,
472 2140 588 2199 festina-s
600 2139 727 2209 demere;
739 2142 763 2201 si
776 2141 842 2218 quid

106 2222 161 2282 Est
172 2223 307 2298 animum,
324 2221 420 2282 differs
433 2223 546 2284 curandi
557 2233 668 2303 tempus
679 2227 707 2284 in
719 2222 838 2284 annum?

106 2305 259 2366 Dimidium
271 2306 354 2382 iacti,
368 2308 415 2384 qui
429 2309 541 2385 coepit,
555 2307 652 2368 babet:
664 2325 766 2384 sapere
778 2307 865 2376 aude;

107 2389 218 2467 Incipe.
245 2388 300 2462 Qui
310 2399 390 2450 recte
400 2391 513 2450 vivendi
525 2399 662 2468 prorogat
672 2392 780 2466 horam,

105 2471 242 2533 Rusticus
255 2483 418 2552 exspectat,
433 2473 497 2534 dum
509 2475 613 2534 delluat
624 2476 728 2543 amnis;
743 2474 830 2533 atille

106 2557 221 2616 Labitur
232 2566 261 2616 et
273 2557 384 2618 labetur
394 2560 422 2618 in
434 2567 516 2618 omne
528 2557 660 2618 volubilis
679 2576 788 2618 aevum.

107 2640 261 2714 Quaeritur
274 2651 419 2719 argentum
429 2645 584 2720 puerisque
595 2643 678 2702 beata
691 2641 819 2702 creandis

105 2723 203 2800 Uxor,
217 2734 245 2785 et
256 2725 378 2785 incultae
390 2727 524 2804 pacantur
534 2743 650 2795 vomere
662 2724 769 2794 silvae:

108 2807 192 2878 Quoil
204 2810 274 2868 satis
290 2816 335 2869 est
347 2812 392 2869 oni
404 2811 556 2888 contingit,
570 2809 638 2871 nihil
649 2809 768 2888 amplius
781 2819 870 2888 optet.

105 2889 171 2951 Non
184 2891 283 2952 domus
295 2901 324 2954 et
338 2894 457 2970 fundus,
471 2911 528 2954 non
539 2896 613 2954 aeris
623 2911 744 2954 acervus
757 2902 786 2953 et
799 2897 858 2954 auri

105 2973 236 3052 Aognoto
249 2975 355 3048 domini
369 2977 484 3038 deduxit
496 2995 618 3059 corpore
630 2979 737 3054 febres,

105 3057 171 3118 Non
181 3061 272 3119 animo
286 3079 381 3123 curas:
392 3062 486 3124 valeat
497 3077 651 3140 possessor
662 3071 786 3139 oportet,

106 3142 136 3201 st
153 3147 335 3221 comportatis
347 3147 432 3207 rebus
443 3146 517 3206 bene
531 3148 638 3224 cogitat
648 3141 697 3207 uti.

106 3223 162 3298 oui
177 3229 255 3304 cupit
266 3237 313 3287 aut
323 3233 437 3307 metuit,
451 3232 526 3290 iurat
539 3230 615 3289 illum
631 3231 673 3290 sic
688 3228 788 3288 domus
800 3237 829 3289 et
840 3247 899 3307 res,

104 3307 142 3369 Ut
153 3310 261 3389 lippum
273 3314 365 3389 pictae
376 3314 504 3390 tabulae,
528 3313 651 3374 fomenta
662 3313 825 3391 podagram,
