2556 3990
415 257 447 319 o.
471 247 616 308 noanon
636 261 772 311 rancor.
996 263 1080 314 xerx

99 421 160 482 aliis
176 419 313 492 arbitror,
336 417 438 492 quippe
455 420 527 491 quod
543 435 631 492 neque
646 417 761 479 lloratio
777 423 933 496 cognitum,
960 441 1048 498 neque
1065 443 1080 482 a

98 505 298 564 vetustioribus
316 504 500 576 scriptoribus
523 511 680 576 usurpatum
700 507 745 562 sit.
786 507 971 576 Quintilianus
988 505 1080 580 etiam,
1105 517 1107 522 '

100 591 144 662 qui
159 605 257 646 nomeu
278 589 380 660 epodus
401 587 436 643 ad
455 587 611 643 breviorem
626 589 702 645 illurn
722 591 749 646 in
774 591 894 648 disticho
912 593 1080 649 versiculum

99 673 237 742 adhibuit,
265 678 351 729 toturn
377 672 525 750 carminum
547 688 634 741 genus
661 672 819 730 lemborum
849 675 1000 740 nominavit
1026 674 1077 752 (cl.

98 759 161 813 lnst.
185 762 256 813 orat.
279 757 331 826 tx,
349 762 380 825 4,
396 761 446 814 141
464 761 492 810 et
508 755 549 825 Χ,
565 763 595 830 lp,
611 753 669 829 95).
721 757 865 832 Postquam
888 761 960 816 enim
978 759 1079 816 Archi-

98 843 193 897 lochus
218 857 253 896 eo
274 857 378 910 genere
400 839 511 896 distichi
535 839 562 894 in
581 841 724 898 maledicis
745 844 803 900 suis
826 845 991 901 carminibus
1013 859 1078 902 usus

39 973 42 980 .
98 932 156 995 ιιι,
174 926 203 980 in
219 939 273 996 quo
289 923 382 979 versui
398 923 519 994 longiori
538 922 694 981 iambicoi
716 942 740 980 e.
759 928 872 983 senario
888 928 1035 984 breviori
1053 945 1077 984 e.

100 1007 307 1104 quaternarius,
325 1009 370 1064 vel
385 1009 545 1063 hexametro
560 998 709 1079 tenorent,
724 1010 770 1064 vel
786 1011 1003 1068 omninouersui
1018 1011 1079 1067 lon·
1150 1019 1165 1034 ⁸

98 1090 432 1163 giori‚utreleg1ambo
454 1091 700 1162 breviorahqurs
720 1083 833 1172 ἐπῳδός
851 1093 981 1164 Graecis,
1002 1095 1079 1150 olau-

97 1178 157 1231 sula
172 1177 273 1233 Latinis
289 1176 378 1231 dictus
385 1175 584 1245 ιμιιιίιιιιιι,
599 1154 769 1246 grammatici
786 1179 921 1248 carmina,
937 1179 1078 1250 inquibus

97 1260 259 1317 Archilochi
275 1273 350 1316 more
366 1259 502 1330 modoque
525 1259 628 1328 singuli
651 1265 679 1314 et
701 1260 770 1316 certi
788 1261 913 1316 homines
930 1263 1078 1319 criminose

12 1415 14 1422 y
97 1343 371 1416 perstringebantur,
393 1343 550 1414 conscripta
571 1337 698 1399 distichis
720 1343 777 1399 illis
798 1344 940 1416 epodicis,
967 1345 1078 1415 Epodos

97 1428 314 1500 appellaverunt.
358 1427 426 1482 lude
446 1425 638 1521 llephaestion
656 1428 691 1483 de
709 1427 786 1484 hletr
812 1445 841 1521 p
864 1431 898 1488 70
920 1428 962 1484 ed.
980 1428 1076 1485 Pauw:

96 1505 151 1566 slot
170 1503 201 1568 dd
217 1503 249 1565 ἐν
265 1511 327 1578 τοῖς
343 1499 485 1582 ποιήμασι
501 1502 552 1564 καὶ
574 1525 602 1563 οι
595 1495 833 1605 ἆῤῥενικιιῖς
803 1499 882 1566 οὕτω
902 1503 996 1567 caloni
1017 1528 1079 1570 ενοι

95 1582 278 1672 laedet,
260 1609 331 1650 οταν
344 1585 458 1690 μεγάλῳ
472 1590 558 1672 στίχῳ
573 1583 709 1690 περιττόν
723 1611 751 1650 τι
760 1587 954 1690 ἐπιφέρηται,
976 1531 1056 1652 ogra·

219 1668 311 1752 πάτερ
324 1653 490 1773 Λυκάμβα,
504 1679 591 1733 ποῖον
603 1668 721 1778 ἔφράσω
736 1668 817 1749 τόδε,

261 1760 304 1832 τίς
318 1749 370 1831 σὰς
383 1752 539 1838 παρήιιξεν
553 1754 678 1837 φρένας;

95 1847 413 1904 et'lerentianusllaur.
430 1863 471 1903 vs
485 1851 566 1908 2452:
590 1842 1076 1922 ‘tales(dimetrcs)trimetrissub-
1148 1878 1153 1889 x

94 1933 164 1989 didit
177 1909 293 1989 Flaccus
306 1932 381 2003 suis,
398 1934 427 1988 ιιι
438 1931 557 1988 carmina
573 1929 721 1987 ostendunt
735 1932 838 1988 decern.
859 1957 862 1962 ¹

176 2015 234 2073 Ito
247 2015 375 2072 bibernis
391 2019 463 2071 inter
478 2015 534 2071 olla
547 2016 673 2082 nomam,

178 2103 274 2165 amice,
286 2101 510 2172 propugnacula.

93 2183 278 2240 Archilochus
291 2184 346 2240 isto
358 2182 449 2241 saevit
458 2183 545 2239 iratus
553 2187 645 2240 metro
655 2189 752 2240 contra
763 2183 924 2254 Lycambam
935 2189 963 2239 el
975 2183 1074 2242 dlias'.

13 2330 18 2336 ¹
94 2267 135 2322 Gi.
152 2268 275 2324 Diomedi
293 2268 342 2336 111,
356 2273 416 2328 482.
440 2267 542 2323 Ζιιιοιι.
561 2267 596 2337 V,
611 2271 653 2328 68.
676 2267 742 2324 blan.
758 2269 893 2325 Victorin.
909 2267 943 2324 ll.
957 2285 983 2340 p.
997 2273 1074 2327 2552.

91 2352 198 2407 Archil.
215 2353 258 2407 ed,
281 2352 374 2407 Liehel
388 2347 418 2424 ᾗ.
437 2357 478 2411 19.
495 2369 521 2424 p.
538 2355 572 2410 45
588 2358 616 2406 et
632 2357 682 2410 162
703 2357 731 2406 et
747 2352 840 2408 Schol.
859 2352 940 2422 Cruq.
959 2351 994 2407 ad
1007 2352 1073 2407 Hor.

90 2436 179 2508 Epod.
202 2441 226 2492 l.
278 2434 342 2490 Cum
361 2435 447 2507 igitur
468 2436 555 2492 maior
579 2452 643 2507 pars
666 2436 813 2490 carminum
834 2435 914 2492 huius
936 2434 1000 2490 libri
1022 2437 1075 2492 hoc

90 2526 178 2575 rnetro
194 2519 312 2592 epodico
327 2520 479 2592 composita
498 2523 590 2588 esset,
611 2524 687 2574 totus
709 2536 724 2574 a
744 2518 929 2589 grammaticis
951 2519 1074 2591 appella-

89 2611 133 2658 tus
149 2609 193 2658 est
215 2602 287 2658 liber
303 2603 433 2675 Epoclon,
456 2605 484 2660 in
505 2602 604 2674 quihus
619 2603 761 2675 plerisque
777 2607 859 2675 polita
877 2601 997 2658 calorem
1013 2603 1074 2674 qui-

88 2689 151 2744 dem
167 2693 195 2742 et
211 2703 302 2742 acrem
312 2687 473 2744 Archilochi
490 2687 606 2743 animum
617 2686 785 2756 reddidisse,
797 2703 886 2758 neque
900 2702 967 2742 vero
977 2684 1073 2743 ‘rebus

88 2777 117 2826 et
131 2771 279 2841 agentibus
291 2772 386 2828 verbis
401 2769 571 2843 Lycamben'
590 2788 668 2826 usum
680 2787 743 2826 esse
760 2771 876 2840 latetur,
908 2771 1005 2842 quibus
1024 2771 1073 2825 ille

87 2854 214 2910 homines
227 2855 355 2912 convicio
369 2872 419 2911 suo
434 2855 598 2930 perstrictos
611 2856 645 2911 ad
658 2853 880 2927 desperationem
896 2854 1074 2926 agitaret-

172 2938 202 2993 ln
221 2936 319 2994 Satiris
338 2940 468 2997 lloratius
495 2955 549 2995 non
572 2945 683 2994 secutus
709 2944 753 2993 est
774 2938 903 2994 Graecos.
954 2937 1073 2996 satiram

86 3021 160 3077 enirn
176 3037 230 3078 non
247 3023 335 3079 solum
355 3024 490 3095 originem
514 3023 628 3079 duxisse
651 3021 826 3092 allemania,
848 3022 899 3078 sed
919 3023 952 3078 ab
974 3019 1073 3078 iisdem

86 3107 226 3162 excultam
240 3107 322 3162 etiam
337 3113 365 3162 et
378 3109 529 3179 perlectam
545 3123 608 3162 esse
625 3113 724 3177 suopte
741 3105 853 3176 iugenio
868 3106 924 3176 ila,
946 3111 975 3160 ut
986 3103 1072 3162 Grae-

86 3206 183 3246 corum
198 3191 329 3284 vestigiis
348 3208 403 3246 non
424 3192 654 3262 ingrederentur,
674 3205 734 3244 cunr
749 3189 911 3246 certissimis
926 3205 1072 3261 argumen-

84 3274 138 3342 tis,
160 3279 217 3328 tunr
238 3253 398 3331 testimonio
419 3274 579 3340 Quintiliani
600 3273 749 3345 probatur,
770 3272 816 3345 qui
834 3273 922 3328 lnstit.
944 3278 1014 3328 oret.
1035 3272 1071 3342 X,

84 3365 117 3427 1,
132 3355 313 3428 93‘Satira‚
336 3359 389 3428 ait,
409 3365 467 3415 tota
488 3363 583 3414 nostra
605 3363 664 3427 est,
688 3358 717 3413 iu
738 3373 790 3431 qua
811 3358 913 3430 primus
934 3355 1071 3426 insignem

82 3441 195 3497 laudem
211 3443 327 3514 adeptus
343 3449 386 3498 est
401 3439 538 3498 Lucilius'
558 3447 629 3510 etc,
652 3457 767 3513 quocum
790 3440 966 3498 consentiens
982 3439 1070 3495 llore-

80 3526 138 3581 tios
155 3525 214 3582 Sat.
232 3527 260 3596 l,
277 3534 324 3598 10,
340 3533 374 3588 68
394 3528 506 3584 satiram
522 3523 654 3582 ‘Graecis
674 3525 804 3584 intactum
825 3523 952 3582 carmen’
973 3523 1071 3598 appel·

133 3621 295 3671 sonamus.
538 3660 543 3664 .
799 3645 800 3652 ι
847 3626 866 3683 p
