2556 3990
415 205 447 266 Q.
470 205 616 254 nonnum
638 203 772 256 unacco
927 163 930 172 ’
998 209 1086 257 xxix

101 369 168 428 odia
186 374 215 422 ot
234 365 393 422 iuimicitias
407 365 571 421 incurreret.
616 362 746 422 Horatius
761 365 870 438 potius,
893 373 924 422 ut
940 374 1017 423 recte
1035 370 1086 425 dc-

103 455 161 510 cuit
175 451 322 508 llirabner.
346 449 376 504 iu
391 449 503 515 Quaest.
522 449 627 504 tloratt.
647 467 674 522 p.
700 454 734 508 16
748 466 844 522 seqq,
867 467 1029 524 comparans
1054 469 1086 508 so
1152 518 1154 530 Ι

102 538 191 610 Epist.
209 535 245 604 ll,
261 539 288 604 2,
301 537 413 592 26-40
425 533 530 588 Luculli
547 533 643 603 militi,
660 534 723 604 qui,
739 535 850 591 viaticis
867 536 902 591 ad
918 551 1007 592 assem
1022 553 1085 609 per·
1124 565 1128 571 .

103 621 168 678 ditis
185 619 336 690 ‘posthoc
351 618 499 692 vehemeps
513 617 610 688 lupus,
632 623 660 672 et
674 617 729 673 sibi
746 625 774 674 et
786 619 861 674 bosti
876 619 965 676 Iratus
980 621 1086 691 pariter

101 704 205 760 ieiunis
227 701 355 758 dontibus
378 717 459 770 acer,
482 700 652 756 Praesidium
671 701 768 771 regale
790 703 853 760 loco
874 703 995 760 deiecit'
1019 711 1086 774 etc,

102 807 135 846 se
151 787 217 844 olim
233 791 249 840 e
264 785 340 842 betto
355 801 496 840 reversum
513 785 609 840 eadem
623 785 659 840 eb
675 801 733 840 rom
749 787 884 858 perditam
899 788 993 856 rabie,
1016 803 1087 858 quae

103 871 217 927 militem
237 869 313 925 illum
331 869 359 924 iu
374 870 469 924 hostes
491 869 625 924 furiosum
642 869 748 939 egerit,
772 871 807 926 ad
821 886 920 926 versus
942 872 1086 927 iaciendos

103 970 210 1024 eosque
230 953 289 1008 sate
310 953 391 1022 nigro
412 953 539 1008 conditos
562 952 769 1023 acerrimaeque
788 953 927 1011 libertatis
947 955 975 1010 in
990 971 1087 1010 unum-

102 1053 239 1111 quemque
251 1037 313 1091 siue
328 1035 487 1092 discrimine
501 1036 616 1107 plenos,
633 1036 721 1091 utoni
736 1036 790 1092 iam
806 1037 874 1093 nibil
891 1038 1007 1110 amplius
1022 1055 1087 1110 per-

103 1122 223 1180 dandum
232 1119 363 1190 ,bibitque
386 1119 494 1175 idcirco
515 1121 688 1175 metuendum
710 1120 809 1189 luerit,
832 1123 1000 1194 compulsum
1022 1115 1087 1178 oss'a

102 1206 162 1262 illis
188 1203 282 1259 vorbis
310 1203 410 1260 latetur
435 1203 570 1273 simulque
591 1219 642 1260 nos
666 1203 781 1273 educet,
809 1220 863 1275 qao
890 1223 973 1261 seusu
997 1207 1087 1278 prima

102 1289 193 1362 ipsius
211 1287 345 1360 opusculo
367 1289 464 1358 legere
484 1294 512 1342 et
533 1287 710 1359 interpretari
731 1287 890 1344 debeamus.
940 1290 1087 1346 Praetores

101 1379 187 1444 poeta
208 1371 258 1428 illo
275 1372 357 1440 loco,
383 1387 438 1442 quo
458 1371 600 1443 pigritiam
620 1371 760 1427 scribendi
783 1387 859 1428 suain
879 1379 993 1428 excusat
1015 1374 1088 1444 apud

102 1457 231 1524 Florum,
252 1470 303 1527 per
332 1455 423 1510 iocum
449 1455 552 1526 magis,
582 1471 662 1526 quam
688 1472 723 1510 ex
749 1455 831 1512 animi
858 1456 995 1513 sententia
1016 1455 1109 1512 scri-'

102 1541 197 1612 psisse
213 1539 365 1594 censendus
381 1544 432 1594 est.
476 1537 542 1594 Nam
554 1539 579 1594 si
597 1555 775 1610 quaeramus,
792 1554 898 1611 exque
914 1540 991 1595 toute
1011 1539 1088 1598 rivus

101 1625 153 1679 ille
166 1623 234 1678 salis
251 1629 280 1678 et
295 1622 455 1680 facetiarum
466 1639 517 1695 per
527 1623 634 1678 Horatii
649 1623 750 1680 sauros
765 1629 793 1678 et
807 1623 914 1696 epodos
930 1622 1088 1692 defluxerit,

102 1708 184 1762 buius
202 1706 244 1762 rai
266 1723 376 1762 causam
402 1707 572 1779 reperiemus
598 1707 704 1776 ingenii
730 1723 844 1763 acumen
870 1712 899 1762 et
922 1707 1089 1777 bilaritatem

102 1792 223 1862 aliquam
244 1790 304 1846 eius
325 1790 415 1848 animo
437 1791 572 1860 innatam,
598 1807 668 1861 quae
691 1791 871 1862 educatione,
898 1807 950 1862 qua
972 1809 988 1848 a
1008 1797 1089 1862 patre

102 1874 244 1933 institutus
266 1880 324 1944 est,
354 1879 382 1929 et
403 1875 556 1946 bominum,
588 1875 687 1946 quibus
715 1876 858 1945 utebatur,
888 1875 1089 1931 consuetudine
1131 1931 1136 1944 ,

103 1958 204 2014 nutrita
227 1958 255 2013 in
279 1957 407 2013 festivam
432 1958 508 2013 illam
531 1959 638 2014 abierat
663 1958 851 2031 petulantiam.
900 1958 980 2014 Pater
1006 1957 1089 2027 enim,

105 2042 153 2114 qui
167 2058 281 2112 puerum
296 2042 430 2114 exemplis
451 2041 486 2095 de
500 2057 635 2113 perversa
656 2043 795 2098 bominum
814 2042 871 2098 vita
892 2041 1022 2111 allegatis
1047 2042 1089 2095 in-

105 2125 255 2194 stituebat,
271 2142 332 2180 eum
348 2123 486 2180 hominum
500 2124 568 2180 vitia
585 2131 613 2179 et
628 2141 741 2181 errores
754 2125 860 2182 maiore
876 2125 987 2196 quidem
1002 2125 1089 2180 liber-

104 2214 178 2278 tate,
206 2210 257 2265 sed
277 2209 338 2264 sine
367 2208 409 2264 ira
438 2214 467 2262 ct
486 2208 578 2263 studio
601 2215 698 2264 notare
722 2209 898 2278 insueverat,
928 2209 1002 2279 quod
1027 2208 1090 2279 ipso

104 2298 187 2365 poeta
208 2291 265 2349 Sat.
289 2292 318 2361 l,
339 2296 373 2361 4,
394 2295 548 2350 lot-106
570 2293 724 2363 proliteturi
776 2293 847 2358 Quin
868 2290 1031 2361 treudacio,
1054 2308 1090 2347 au

105 2377 204 2445 etiam,
231 2393 310 2447 quem
335 2382 546 2448 praeceptorem
565 2376 701 2446 babebat,
730 2375 853 2432 Orbilius
877 2373 1016 2446 Pupillus,
1043 2374 1090 2445 qui
1115 2415 1122 2428 .

103 2465 177 2514 testo
193 2459 326 2516 Suetonio
348 2460 383 2516 do
402 2459 503 2533 illustr.
520 2473 633 2529 gramm.
657 2475 681 2513 o.
698 2463 715 2517 9
738 2456 790 2514 ‘ue
810 2458 969 2530 principum
980 2458 1090 2528 quidem

103 2543 227 2599 virorum
247 2543 432 2602 insectatione
453 2541 619 2612 abstinuit',
641 2543 806 2612 contulerit,
821 2548 857 2598 ut
877 2543 958 2613 lepor
976 2541 1025 2597 ille
1047 2542 1090 2597 ie-

103 2627 193 2684 stivus
207 2627 309 2683 laetius
327 2627 510 2684 adolesceret.
548 2627 659 2682 lliuimo
675 2627 761 2698 igitur
777 2627 874 2682 mirum
888 2625 978 2681 videri
989 2626 1089 2696 debet,

103 2711 231 2767 Flaccum
251 2717 391 2781 nostrum,
418 2716 446 2766 et
466 2713 562 2768 natura
585 2715 613 2766 et
632 2709 760 2767 doctriua
781 2711 816 2766 ad
839 2711 951 2766 satiram
967 2725 1089 2782 propen-

104 2812 179 2865 sum,
208 2794 344 2866 simulque
364 2793 475 2851 bonesti
498 2800 525 2849 et
544 2795 652 2867 patriae
675 2809 768 2850 amore
785 2793 943 2862 incitatum,
973 2809 1054 2865 quum
1073 2810 1089 2848 o

103 2879 179 2934 bello
197 2893 250 2950 pro
269 2877 377 2949 patriae
397 2878 527 2956 libertate
546 2885 629 2949 gesto
650 2880 739 2935 redux
755 2877 839 2934 vitam
855 2877 955 2934 ciuium
980 2878 1089 2933 discor:

104 2963 225 3020 dantium
246 2961 372 3018 omnibus
388 2961 480 3030 vitiis,
501 2961 643 3018 interitum
659 2961 835 3035 reipublicae
856 2961 1088 3030 accelerantibus,

102 3046 273 3118 inquinatam
288 3045 421 3113 vidisset,
442 3043 676 3116 indignabundum
696 3046 731 3102 ad
746 3046 923 3116 castigandos
941 3059 1034 3100 mores
1048 3043 1088 3098 irs·

103 3131 303 3200 ridendamque
318 3129 462 3186 stultitiam
479 3145 510 3184 se
526 3129 726 3201 composuisse.
764 3129 825 3196 Quo
839 3146 951 3186 munere
969 3129 1088 3198 iungens

104 3215 137 3270 ab
160 3213 234 3270 omui
257 3212 541 3285 morosipbilosopbi
562 3213 724 3270 austeritate
744 3214 850 3288 alienus
872 3214 925 3270 etsi
953 3211 1107 3288 ‘ridendo

104 3297 199 3358 dicero
221 3297 333 3360 verum'
357 3296 466 3366 maluit,
495 3313 574 3367 quam
596 3296 719 3368 graviter
745 3297 908 3356 stomachari
931 3295 1088 3365 acriterque

103 3381 248 3438 stultitiam
270 3381 407 3436 bominum
428 3395 569 3452 pungere,
595 3397 651 3437 non
672 3386 761 3440 tamon
783 3384 883 3441 satiras
906 3379 1035 3452 scripsit,
1058 3383 1088 3434 ut
