2526 3986
182 214 243 276 am
377 268 415 306 ‚¹
537 159 797 272 nrrsrouuuuu
898 213 901 218 ·
996 210 1151 286 [nerana]

204 370 245 432 20
265 365 404 442 Prodigus
417 373 445 424 et
456 363 557 424 stultn's
569 363 653 430 donat
665 381 736 441 quae
749 364 857 440 spernit
868 369 896 420 et
908 360 984 420 odit:
1105 409 1107 418 ,

265 449 345 510 llaec
358 466 445 527 seges
457 451 582 525 ingratos
593 447 655 508 tulit
670 456 699 506 et
712 446 786 506 leret
797 446 925 505 omnibus
938 448 1028 507 aunis.

264 535 315 594 Vir
326 534 416 593 bonus
429 541 457 592 et
470 533 584 610 sapiens
599 531 692 610 dignis
703 532 741 590 ait
754 549 819 590 esse
831 539 955 608 paratus,

265 618 328 678 Nec
338 626 429 677 tamen
440 617 551 694 ignorat
561 614 629 695 quid
640 616 743 675 distent
755 633 820 674 aera
833 613 946 693 lupinis.

265 701 387 779 Dignum
399 701 549 779 praestabo
562 719 607 760 me
619 703 702 760 etiarn
713 715 764 777 pro
776 697 859 759 laude
870 699 1013 757 merentis.

205 785 243 844 25
266 784 375 859 Quodsi
386 803 432 846 me
442 783 524 844 noles
536 803 653 863 usquam
664 783 830 858 discedere,
849 781 951 840 reddes

265 869 351 930 Forte
361 868 448 945 latus,
464 871 561 947 nigros
573 876 690 946 angusta
701 867 794 927 fronte
806 865 935 943 capillos,

265 952 379 1015 Reddes
393 952 475 1014 dulce
486 952 580 1032 loqui,
595 951 697 1013 reddes
713 951 807 1011 ridere
819 950 952 1010 decorum
966 958 994 1008 et
1100 957 1103 962 ·

134 1039 136 1044 ‘
265 1037 417 1096 lntervinu
430 1036 525 1115 lugam
538 1035 656 1096 Cinarae
667 1052 793 1096 maerere
804 1044 964 1112 protervae.

265 1119 351 1181 Forte
361 1138 414 1198 per
425 1130 571 1199 angustam
586 1122 679 1182 tenuis
690 1118 841 1197 vulpecula
855 1120 950 1178 rimam

204 1207 245 1268 30
265 1205 406 1283 Repserat
420 1207 448 1265 in
460 1223 600 1265 cumeram
611 1205 760 1280 frumenti,
776 1211 913 1282 pastaque
924 1218 1022 1261 rursus

264 1287 310 1349 Ire
321 1289 398 1350 loras
415 1288 499 1367 pleno
511 1289 643 1348 tundebat
656 1303 777 1366 corpore
789 1289 908 1355 frustra:

266 1371 317 1434 Oui
329 1372 447 1434 mustela
460 1373 560 1451 procul
571 1369 625 1449 ‚3Si
637 1374 704 1430 ris“
715 1373 753 1431 ait
767 1371 918 1450 „ellegere
930 1371 1024 1445 istinc,

265 1456 384 1530 „blacta
395 1475 493 1516 cavum
503 1467 620 1535 repetes
630 1466 735 1532 amum,
752 1474 835 1534 quem
849 1453 1090 1514 macra·subisti.“

265 1540 324 1600 llac
339 1557 396 1618 ego
408 1543 432 1599 si
444 1541 601 1618 compellor
611 1544 746 1617 imagine,
764 1548 863 1600 cuncta
877 1540 1007 1616 resigno:

203 1627 243 1688 35
265 1622 327 1684 Neo
338 1641 464 1683 somnum
478 1624 570 1702 plebis
582 1623 665 1684 lando
677 1634 752 1684 satur
763 1623 896 1700 altilium,
911 1640 965 1682 nec

266 1707 329 1768 Otia
340 1707 445 1767 divitiis
456 1709 578 1768 Arabum
589 1708 728 1769 liberrima
740 1717 826 1770 muto.

154 1819 157 1836 ι
266 1793 358 1870 Saepe
369 1791 559 1852 verecundum
572 1793 706 1868 laudasti,
718 1811 826 1871 rexque
838 1791 973 1870 paterque

264 1875 374 1934 Audisti
386 1892 495 1952 coram,
512 1895 566 1937 nec
577 1877 666 1936 verbo
678 1879 791 1955 parcius
807 1877 926 1936 absens·

265 1959 388 2037 Inspice,
406 1961 430 2019 sl
445 1977 561 2038 possum
575 1960 676 2020 donata
687 1975 828 2038 reponere
840 1959 939 2020 laetus.
1053 1987 1056 1996 ,

204 2043 244 2128 βο
264 2042 344 2102 Haud
355 2043 427 2103 mule
439 2042 642 2121 Telemachus,
660 2044 756 2123 proles
770 2047 898 2123 patientis
910 2041 1018 2103 Ulixei:

264 2126 351 2204 „Nou
364 2136 407 2186 est
418 2138 499 2206 aptus
512 2132 593 2207 equis
605 2129 700 2190 ltbace
730 2127 828 2204 locus,
843 2138 873 2188 ut
885 2144 977 2205 neque
990 2127 1082 2205 planis

264 2208 438 2288 ‚‚Porrectus
449 2214 547 2290 spatiis
559 2232 613 2273 nec
624 2213 726 2274 multae
738 2211 874 2291 prodigus
886 2211 1006 2279 herbae;

264 2295 399 2372 „Atride,
415 2299 504 2374 magis
519 2305 582 2375 apta
593 2298 642 2357 tibi
654 2306 700 2357 tua
712 2297 784 2357 dona
795 2296 983 2375 relinquam.“

263 2376 378 2439 Parvmn
390 2396 474 2459 parva
486 2380 601 2442 decent:
615 2382 681 2442 milii
693 2385 746 2442 iam
760 2400 816 2441 non
827 2383 906 2460 regia
917 2378 1016 2455 Roma,

203 2462 242 2526 bb
264 2462 321 2522 Sed
332 2481 451 2524 saeuum
466 2463 554 2526 Tibur
567 2465 661 2544 placet
672 2475 719 2525 aut
732 2464 847 2526 imbelle
858 2463 1016 2525 Tarentum.

264 2548 400 2608 Strenuus
411 2557 440 2608 et
450 2548 531 2609 lortis
544 2553 694 2629 causisque
706 2549 852 2628 Philippus
864 2545 980 2627 agendis

264 2629 379 2708 Clarus,
396 2632 431 2692 ab
444 2632 546 2693 officiis
559 2643 685 2694 octavam
697 2635 809 2694 circiter
822 2633 919 2693 horam

212 2730 214 2740 ¹
262 2714 336 2773 Dum
347 2715 420 2776 redit
430 2724 515 2795 atque
526 2717 601 2776 Foro
614 2720 727 2788 nimium
739 2717 843 2778 distare
855 2715 969 2778 Carinas

262 2795 320 2857 lani
331 2800 443 2877 grandis
455 2809 520 2861 natu
533 2803 672 2879 queritur,
693 2803 858 2880 conspexit,
876 2810 904 2860 ut
916 2801 1001 2876 dunt,

201 2880 242 2942 to
262 2881 398 2942 Abrasum
411 2884 548 2962 quendam
559 2903 648 2945 vacua
661 2888 783 2945 tonsoris
794 2888 823 2946 in
834 2886 931 2944 umbra

263 2963 385 3028 Cultello
400 2971 530 3048 proprios
542 2978 707 3049 purgantem
720 2969 821 3029 leniter
831 2986 951 3047 ungues.

262 3049 410 3125 „Demetri
418 3054 453 3128 ,⁶⁶
466 3084 478 3096 ·
493 3069 563 3130 puer
574 3054 620 3112 hio
632 3070 688 3112 non
699 3053 780 3114 laeve
791 3055 868 3121 iussa
880 3051 1000 3131 Philippi

261 3131 428 3212 decipiebat
442 3171 455 3180 -
467 3137 553 3215 „abi,
571 3155 676 3216 quaere
689 3137 821 3213 streton,
838 3136 1026 3212 undedomo,
1046 3138 1123 3215 quis,

262 3214 375 3292 „Cultus
387 3219 531 3298 fomirnae,
549 3238 605 3299 quo
618 3223 654 3280 sit
665 3230 744 3299 patre
755 3237 849 3300 quove
862 3223 1015 3299 patrono.“

199 3300 240 3361 bb
261 3299 301 3378 lt,
316 3300 389 3361 redit
400 3311 429 3362 et
439 3311 546 3382 narrat,
561 3304 702 3364 Volteium
712 3307 824 3364 nominc
835 3303 957 3382 blenam,
