2526 3986
190 144 250 264 saa
552 203 769 268 snvmnuuu
974 258 975 267 ,
1029 209 1099 286 [sse.
1114 209 1148 286 1.]

209 359 248 420 25
272 354 347 429 Quid
358 353 457 416 vetati
472 365 502 416 ut
514 358 609 435 puerIs
622 358 688 419 olim
700 357 765 418 dant
778 358 901 419 crustula
911 357 1006 420 blandi
1018 391 1022 394 ·

269 438 423 516 Doctores,
440 439 579 499 elementa
589 441 677 502 velint
688 450 718 502 ut
730 440 843 501 discere
859 444 947 520 prima
955 463 986 512 ;·

269 522 327 582 Sed
338 532 431 584 tamen
442 533 536 606 amoto
550 542 717 602 quaeramus
730 527 805 586 seria
815 524 893 592 ludo,

269 604 321 666 llle
332 625 448 684 gravem
459 606 528 668 duro
542 616 643 668 terram
656 611 703 688 qui
714 611 799 669 vertit
810 618 912 687 aratro,

269 686 430 752 *Perfidus*
441 689 487 749 hic
500 687 638 768 *caup0*,
655 691 754 766 miles,
772 700 934 770 nautaeque
949 713 1004 773 per
1020 712 1106 756 omne

205 774 247 836 80
268 771 400 832 Audaces
412 790 488 833 mare
500 774 548 850 qni
560 782 690 849 currunt,
703 773 757 832 hac
767 781 860 834 mente
872 773 1000 837 lahorem

267 857 340 916 Sese
352 855 437 933 ierre,
451 873 535 916 senes
547 859 615 916 utin
628 858 685 917 otia
696 865 754 917 tuta
764 857 908 934 recedant,

267 939 370 1015 Aiunt,
383 958 447 999 oum
461 940 514 999 sihi
525 942 580 1000 sint
592 949 728 1018 congesta
740 940 859 1001 cibaria:
875 944 948 1002 siout

144 1035 153 1056 ¹
266 1023 383 1084 Parvula
394 1056 406 1068 ·
417 1042 480 1084 nam
495 1023 626 1101 exemplo
643 1033 687 1084 est
700 1057 710 1067 -
725 1026 818 1102 magni
830 1024 947 1086 formica
959 1025 1064 1086 laboris

269 1107 326 1168 0re
337 1107 419 1168 trahit
431 1106 621 1186 quodcunque
636 1115 733 1186 potest
743 1118 829 1186 atque
840 1108 916 1168 addit
926 1128 1041 1187 acervo,

204 1193 244 1256 35
269 1190 359 1264 Quem
372 1193 462 1266 struit,
479 1191 552 1250 haud
566 1193 663 1269 ignara
673 1209 707 1252 ac
718 1209 775 1252 non
785 1194 895 1252 incauta
906 1192 1000 1253 futuri.

267 1273 357 1351 Quae,
371 1274 452 1334 simul
464 1277 604 1335 inversum
616 1277 763 1336 contristat
772 1275 913 1354 Aquarius
925 1295 1034 1355 annum,

265 1357 330 1418 Non
341 1375 459 1436 usquam
471 1361 600 1437 prorepit
611 1368 640 1418 ct
650 1359 706 1419 illis
718 1361 803 1418 utitur
817 1368 881 1418 ante

219 1491 220 1500 ,
267 1442 409 1515 Quaesitis
418 1443 542 1520 sapiens,
557 1460 620 1502 cum
631 1451 763 1521 teneque
775 1442 1009 1506 fervidusaestus

264 1526 422 1586 Demoveat
430 1527 520 1602 lucro,
532 1544 626 1604 neque
636 1527 737 1602 hiems,
750 1528 835 1603 ignis,
848 1530 1060 1608 muratorium,

202 1611 244 1674 40
265 1608 311 1670 Nil
324 1611 420 1670 obstet
429 1611 490 1686 tibi,
508 1609 572 1668 dum
586 1628 622 1669 ne
637 1612 673 1669 sit
684 1619 713 1669 tc
725 1609 809 1670 ditior
820 1610 900 1671 alter.

237 1747 243 1758 .
265 1693 340 1766 Quid
353 1696 440 1770 iuvat,
452 1694 618 1758 immensum
627 1701 656 1754 te
667 1695 775 1772 argenti
787 1693 896 1771 pondus
912 1705 941 1756 et
951 1699 1010 1758 auri

265 1777 371 1838 Furtim
385 1777 500 1838 defossa
510 1778 635 1838 timidum
649 1777 793 1856 deponere
804 1775 900 1859 terrai

265 1867 285 1932 9
300 1861 410 1935 Quodsi
425 1863 606 1940 comminuas,
618 1862 704 1922 vilem
714 1861 857 1940 redigatur
868 1861 903 1922 ad
914 1882 1016 1924 assem.

264 1946 330 2016 9At
341 1948 368 2005 ni
379 1946 408 2006 id
419 1946 458 2022 iit,
472 1945 539 2024 quid
552 1947 636 2006 habet
648 1945 757 2023 pulchri
770 1955 950 2010 constructus
960 1946 1101 2009 acervus?

143 2077 156 2084 ..
201 2035 240 2099 45
263 2029 351 2090 lllillia
362 2030 491 2090 frumenti
503 2039 549 2090 tua
560 2032 667 2090 triverit
683 2046 749 2090 area
760 2039 887 2090 centum:

263 2114 327 2177 Non
338 2124 402 2175 tuus
413 2115 469 2174 hoc
481 2117 575 2192 capiet
586 2123 685 2175 venter
696 2113 760 2191 plus
772 2131 807 2175 ac
818 2131 909 2190 meus,
922 2126 952 2177 ut
966 2119 990 2176 si

261 2199 422 2258 Reticulum
433 2201 512 2276 panis
523 2198 639 2258 venales
653 2200 727 2258 inter
737 2207 840 2258 onusto

217 2293 220 2300 '
260 2283 348 2344 Forte
362 2283 449 2342 vehas
461 2283 590 2358 humero,
605 2281 694 2343 nihilo
710 2281 774 2359 plus
785 2284 920 2361 accipias,
933 2301 1015 2363 quam

261 2366 317 2438 Qui
328 2366 367 2426 nil
379 2368 505 2446 portarit.
527 2365 582 2426 Vel
594 2366 639 2427 dic
648 2411 657 2441 ,
667 2364 738 2443 quid
753 2365 859 2426 referat
870 2368 940 2426 intra

198 2457 238 2518 50
260 2450 382 2512 Naturae
392 2452 464 2510 lines
474 2453 589 2526 viventi,
605 2453 702 2528 iugera
716 2459 826 2515 centum
838 2469 873 2512 an

259 2533 339 2594 hlille
350 2532 429 2596 aret?
442 2534 503 2606 §At
516 2553 603 2595 suave
612 2543 656 2594 est
668 2551 706 2593 ex
715 2549 818 2612 magno
829 2534 931 2594 tollere
940 2551 1056 2594 acervo.

260 2624 279 2688 5
289 2618 363 2679 num
375 2635 411 2680 ex
422 2636 509 2698 parvo
521 2619 603 2678 nohis
613 2616 774 2678 tantundem
785 2617 896 2679 haurire
907 2617 1061 2696 relinquas,

260 2701 317 2762 Cur
328 2712 375 2762 tua
390 2701 454 2779 plus
466 2701 564 2762 laudes
577 2703 698 2761 cumeris
709 2705 838 2779 granaria
848 2697 978 2763 nostris?

256 2786 356 2846 [lt-tibi
367 2789 391 2845 si
403 2787 439 2845 sit
451 2803 523 2864 opus
533 2785 633 2864 liquidi
643 2802 700 2845 non
711 2784 831 2863 amplius
843 2804 911 2846 urna

195 2873 233 2936 55
256 2869 309 2928 Vel
322 2871 435 2946 cyatho,
451 2879 480 2929 et
493 2870 571 2929 dicas
587 2868 714 2946 „Magno
730 2868 766 2928 dc
785 2868 899 2930 flumine
910 2868 1012 2943 malim,

256 2953 372 3029 „Quam
386 2973 422 3016 ex
432 2954 489 3015 hoc
500 2953 637 3014 fonticulo
649 2952 811 3014 tantundem
821 2955 968 3014 sumere.“
979 2949 1023 3012 llo
1034 2951 1074 3027 fit,

255 3036 370 3097 Plenior
381 3048 411 3098 ut
422 3041 446 3098 si
459 3055 531 3117 quos
543 3037 669 3098 delectet
680 3038 763 3115 copia
774 3039 861 3115 iusto,

256 3117 327 3182 Cum
340 3123 402 3199 ripa
413 3121 495 3183 simul
507 3123 621 3182 avulsos
633 3122 705 3181 ierat
718 3119 836 3182 Aufidus
849 3140 925 3182 acer.

255 3205 292 3265 At
305 3206 352 3284 qui
363 3205 461 3266 tantuli
481 3215 558 3283 eget,
576 3213 736 3286 quantoest
747 3218 831 3283 opus,
846 3208 870 3266 is
882 3205 1054 3286 nequelimc

191 3292 233 3354 60
254 3288 403 3352 Turbatam
414 3291 505 3349 haurit
513 3308 613 3369 aquam
621 3290 807 3367 nequevitam
819 3293 918 3350 amittit
929 3294 957 3351 in
968 3289 1058 3349 undis,
