2556 3988
204 209 267 272 ess
562 207 823 274 nrrsromnun
904 185 907 202 '
1016 213 1123 290 [epm.
1138 219 1179 288 s]

132 403 135 419 ,
288 362 318 420 Si
331 371 409 446 curat
424 379 475 422 cor
489 364 642 442 spectantis
657 365 786 440 tetigisse
800 363 926 441 querele.

98 413 145 516 l(
237 489 240 494 ,
287 443 353 506 Non
364 448 432 506 sutis
444 454 488 506 est
500 443 616 525 pulchro
629 463 696 506 esse
708 455 851 524 poemetm
869 446 961 507 dulcia
973 456 1057 508 sunto
1070 497 1085 530 Ι,

203 531 265 591 100
285 527 338 605 lit,
355 546 524 609 quocunque
534 529 646 606 volent,
670 532 789 590 animum
802 529 937 590 auditoris
949 540 1067 610 agunto.

283 610 321 672 Ul
331 612 485 674 ridentibus
496 614 632 690 arrident,
654 614 946 675 itallcntihusedsunt

284 694 402 758 Humani
416 696 524 758 vultus:
540 699 565 757 si
575 699 620 757 vis
633 713 679 757 me
689 698 774 774 llere,
792 698 942 759 dolendum
954 707 998 758 est

157 783 162 789 ’
285 777 404 840 Primum
416 783 473 859 ipsi
484 783 552 842 tibi:
569 790 626 843 lum
645 790 692 842 lua
703 800 749 842 mc
761 782 912 842 infortunio
923 781 1048 860 laedent,
1074 824 1079 846 1

285 861 412 942 Telephe
423 864 470 925 vel
482 863 583 934 Pelen3
601 864 674 925 mele
685 867 710 926 si
722 866 849 926 mundato
859 865 997 945 loqueris,

141 998 144 1008 .
201 949 262 1012 105
284 945 341 1007 hut
352 948 507 1009 dormitabo
518 959 565 1009 cut
574 949 684 1010 ridebo.
706 949 807 1010 Tristis
820 959 955 1010 moestum

284 1030 397 1092 Vultum
406 1033 494 1093 verbu
506 1033 622 1110 decent,
640 1035 739 1093 iratum
751 1033 834 1111 plena
845 1037 989 1110 minarum,

62 1089 134 1192 )<
257 1131 261 1140 ’
282 1113 434 1177 ludentem
448 1115 572 1194 lascivo,
588 1135 720 1178 severum
731 1119 805 1178 serie
816 1118 902 1177 dictu.

282 1197 395 1260 Formot
407 1202 480 1260 enim
492 1210 587 1261 nature
600 1203 677 1280 prius
688 1218 742 1262 nos
753 1203 828 1262 intus
839 1201 874 1261 ud
886 1219 996 1260 omnem

282 1281 465 1344 Fortunarum
478 1283 616 1361 habitum,
635 1288 711 1344 iuvat
726 1295 772 1344 eut
786 1285 904 1363 impellit
915 1285 949 1344 ad
960 1286 1041 1362 irem,

198 1365 260 1427 110
281 1364 337 1426 hut
348 1367 383 1427 ud
394 1367 506 1428 humum
519 1386 647 1430 maerore
658 1372 737 1446 gravi
749 1368 861 1429 deducit
873 1379 901 1428 et
915 1371 1007 1446 angit:

258 1452 260 1461 '
279 1447 348 1510 Post
358 1452 440 1512 effert
451 1455 533 1512 animi
545 1462 637 1512 motus
648 1454 801 1531 interprete
813 1452 918 1531 lingua.
949 1477 951 1486 s

279 1533 310 1593 si
323 1534 443 1595 dicentis
455 1545 535 1596 erunt
545 1537 664 1597 fortunis
675 1537 780 1598 absona
791 1536 877 1613 dicte,

279 1617 398 1678 Romani
410 1617 509 1678 tollent
520 1622 630 1698 equites
643 1621 810 1699 peditesque
826 1621 1000 1680 cachinnum.

278 1699 548 1780 Intererilmultum,
582 1704 993 1784 divusmlcquauranhercs,

197 1786 256 1848 115
278 1783 440 1847 Maturusne
455 1804 544 1847 senex
554 1806 589 1848 en
599 1787 690 1850 adhuc
702 1789 820 1849 llorente
831 1790 943 1848 iuventa

280 1867 437 1948 Fervidus,
454 1879 484 1930 et
493 1880 619 1933 matrone
631 1882 733 1950 potens
744 1892 779 1932 en
790 1871 889 1931 sedule
900 1873 1002 1948 nutrix,

279 1951 457 2014 llercutorne
468 1972 557 2033 vagus
570 1953 697 2016 cultorne
706 1959 824 2016 virentis
835 1954 930 2034 agelli,

280 2035 406 2098 Colchus
418 2057 453 2098 en
464 2038 615 2117 Assyrius,
632 2039 737 2100 Thebis
748 2043 866 2100 nutritus
878 2058 912 2099 an
922 2038 1017 2117 Argis.

279 2119 335 2180 A'ut
348 2122 449 2183 lumem
461 2139 599 2200 sequere,
617 2133 665 2184 cut
675 2125 728 2184 sibi
741 2124 935 2184 convenientia
950 2123 1047 2200 finge.

196 2205 257 2265 120
279 2206 408 2283 Scriptus
417 2207 582 2268 honoratum
593 2209 618 2269 si
629 2208 703 2269 lorte
717 2210 833 2287 reponis
844 2205 999 2267 Achillem:

275 2287 416 2369 Impiger,
434 2291 597 2369 iracundus,
615 2291 813 2368 inexorabilis,
833 2309 900 2351 acer

151 2381 157 2390 ’
274 2371 339 2434 Iura
350 2383 438 2452 neget
448 2376 502 2436 sibi
513 2385 591 2452 nelo,
607 2376 676 2436 nihil
690 2392 746 2436 non
757 2385 872 2454 arroget
883 2375 976 2436 aruris.

276 2457 319 2517 Sit
330 2456 432 2538 Medea
443 2461 525 2520 ferox
535 2462 710 2540 invictaque,
728 2459 831 2521 flebilis
843 2457 905 2535 Ino,

274 2538 401 2602 Perfidus
413 2541 509 2620 Ixion,
529 2542 560 2603 lo
572 2549 660 2622 vaga,
679 2547 767 2604 tristis
780 2543 908 2604 Orestes.

194 2625 254 2688 125
277 2625 308 2684 Si
320 2625 387 2704 quid
398 2628 575 2705 inexpertum
584 2646 688 2688 scenae
706 2630 870 2704 committis,
888 2624 1016 2686 etsndes

276 2706 430 2771 Personam
442 2711 563 2793 formare
574 2729 688 2772 novem:
704 2721 833 2772 servetur
844 2711 879 2772 sd
890 2712 985 2785 imum,

276 2791 376 2865 Qualis
388 2793 423 2854 nh
435 2797 550 2872 incepto
561 2799 751 2873 processerit,
770 2805 800 2856 et
811 2795 866 2860 sibi
882 2801 1004 2855 constet.
1045 2857 1051 2863 ,

275 2874 400 2937 Difficile
412 2887 456 2938 est
469 2881 584 2957 proprie
597 2883 752 2941 communia
763 2880 872 2948 dicere;
890 2887 977 2958 tuque

276 2959 393 3021 Rectius
404 2960 520 3023 Iliacum
532 2980 642 3022 carmen
654 2964 772 3024 deducis
783 2966 811 3024 in
826 2973 916 3041 ectus,

193 3044 256 3105 130
277 3042 367 3116 Quam
378 3048 404 3106 si
417 3046 561 3126 proferres
576 3049 671 3126 ignota
683 3048 845 3127 indictaque
860 3051 976 3126 primus.

164 3145 168 3154 ‘
274 3125 390 3190 Publice
400 3133 533 3192 materies
546 3133 646 3208 privati
657 3133 726 3190 iuris
739 3133 807 3208 erit,
824 3134 848 3191 si

274 3209 339 3272 Non
353 3215 427 3274 circe
438 3215 524 3274 vilem
535 3214 715 3294 patulumque
726 3217 882 3276 moraberis
893 3215 1003 3291 orbem,

273 3293 336 3356 Nec
347 3297 464 3356 verbum
474 3300 563 3358 verbo
575 3300 687 3360 curubis
698 3299 818 3360 reddere
829 3299 901 3359 lidus
