2556 3988
137 245 290 322 [mans]
359 250 360 255 ¹
505 199 648 306 *utnon
667 244 704 304 11.
1037 241 1137 321 ecc,
1207 197 1210 205 ’

138 397 203 471 Quo
218 413 286 458 sane
301 395 425 475 populus
438 395 634 472 numerabilis,
650 403 750 472 utpote
761 413 874 474 parvus,

137 481 174 542 Et
184 481 258 558 lrugi
270 489 422 558 castusque
433 477 668 558 verecundusque
679 479 782 539 coibat.

59 640 66 650 Ι
136 565 289 643 Postquam
299 565 395 640 coepit
406 577 491 640 agros
503 562 657 623 extendere
667 564 777 638 victor,
796 563 933 624 eturbem

135 647 231 710 latior
243 646 376 725 amplecti
387 664 501 722 murus,
517 647 641 724 vinoque
652 645 751 706 diurno

137 731 243 792 Placari
255 729 360 792 Genius
372 729 453 789 iestis
465 730 578 807 impune
589 729 704 798 diebus;

135 816 269 876 Accessit
279 815 460 891 numerisque
470 813 617 891 modisque
629 813 742 872 licentia
753 815 850 872 maior.

52 923 53 926 ¹
84 973 85 976 Ἴ
135 899 270 960 Indoctus
282 897 350 978 quid
361 899 434 957 enim
446 905 559 975 saperet
569 896 698 974 liberque
709 895 835 958 laborum

97 975 125 1035 “a
135 983 270 1043 Rusticus
281 982 387 1042 urbano
400 981 552 1057 contusus,
568 983 658 1059 turpis
674 977 816 1040 honesto?

137 1069 186 1127 Sic
197 1068 309 1144 priscae
319 1073 482 1143 motumque
493 1073 522 1125 et
532 1063 669 1126 luxuriem
682 1063 790 1124 addidit
801 1063 852 1123 arti

136 1149 254 1210 Tibicen
265 1151 405 1226 traxitque
416 1166 506 1226 vagus
517 1166 570 1226 per
582 1147 689 1226 pulpita
700 1155 826 1215 vestem;

137 1235 186 1294 Sic
198 1237 282 1294 etiem
293 1232 394 1292 fidibus
404 1248 495 1292 voces
507 1249 624 1292 crevere
638 1233 770 1307 severis,
856 1291 866 1303 ,
896 1267 899 1273 ·

135 1317 172 1377 m
182 1317 246 1378 tulit
258 1315 400 1395 eloquium
410 1315 552 1376 insolitum
566 1315 694 1375 facundia
709 1331 859 1392 praeceps,
913 1357 914 1362 η

135 1401 307 1478 Utiliumque
319 1419 407 1476 sagax
418 1417 511 1460 rerum
523 1408 553 1458 et
564 1399 655 1460 divina
667 1398 751 1458 futuri

137 1485 287 1562 Sortilegis
302 1501 357 1543 non
371 1483 527 1561 discrepuit
538 1485 675 1544 sententia
686 1481 817 1559 Delphis.
851 1535 869 1549 ,,

137 1568 266 1629 Carmine
278 1569 324 1646 qui
339 1567 448 1644 tragico
462 1567 547 1626 vilem
561 1569 677 1628 certavit
689 1567 726 1625 ob
737 1567 854 1640 hircum,
1041 1565 1103 1626 220

134 1651 203 1712 lllox
218 1653 300 1712 etiem
314 1660 444 1729 agrestes
455 1653 571 1728 Satyros
582 1651 695 1712 nudavit
710 1658 738 1709 et
750 1667 834 1726 asper
986 1660 989 1666 ·
1054 1673 1056 1677 ·

136 1735 272 1818 Incolumi
285 1737 422 1813 grauitate
431 1737 524 1795 iocum
538 1738 654 1795 tentavit
665 1751 717 1810 ec,
734 1732 810 1812 quod

135 1819 284 1884 lllcccbris
299 1827 359 1880 erat
370 1828 399 1878 et
412 1827 491 1897 grata
501 1821 626 1892 novitate
638 1817 788 1878 morandus

95 1956 100 1960 .
137 1904 288 1983 Spectator
298 1903 468 1980 iunctosque
480 1903 569 1960 sacris
581 1910 704 1980 etpotos
718 1910 747 1960 et
758 1900 850 1960 exlex.
934 1937 938 1946 ·

135 1987 241 2051 Verum
251 1987 289 2045 ita
302 1986 425 2062 risores,
442 1988 480 2046 ita
492 1985 686 2046 commendare
704 1983 825 2066 dicaces

138 2069 295 2130 Conveniet
306 2067 440 2144 Satyros,
457 2070 496 2129 ita
505 2077 618 2129 vertere
630 2071 704 2128 seria
715 2067 793 2145 ludo,

136 2153 197 2231 Ne,
214 2154 375 2232 quicunque
387 2151 477 2230 deus,
495 2152 843 2230 quicunque'edhihebitur
853 2153 949 2230 heros,

135 2233 238 2314 Regali
250 2237 461 2313 conspectusin
472 2253 540 2296 auro
555 2253 646 2313 nuper
657 2246 786 2312 etostro,
807 2267 814 2281 ·

136 2321 240 2399 lligret
250 2322 279 2380 in
289 2319 425 2380 obscuras
436 2319 532 2380 humili
546 2338 676 2380 sermone
691 2321 832 2397 tabernas,

135 2403 209 2480 Aut,
227 2403 291 2463 dum
301 2404 509 2482 vitatlmmom‚
527 2403 616 2466 nubes
633 2413 661 2462 et
674 2405 766 2463 inania
778 2412 881 2483 captet.

135 2487 253 2548 Ellotire
267 2486 348 2547 leves
363 2486 475 2565 indigna
485 2486 631 2566 tragoedia
641 2505 758 2564 versus,

135 2571 173 2632 Ut
184 2571 265 2630 lestis
276 2579 400 2631 matrone
410 2574 519 2631 moveri
532 2574 609 2631 iussa
621 2570 731 2647 diebos,

135 2654 267 2715 lntelerit
278 2655 385 2730 Satyris
401 2655 513 2733 paulum
528 2653 687 2734 pudibunda
699 2657 849 2733 protervis.
967 2681 969 2690 =

135 2738 199 2800 Non
212 2753 268 2817 eqo
284 2740 409 2799 inornata
421 2748 450 2800 et
460 2739 627 2800 dominantia
640 2742 752 2800 nomina
767 2738 858 2798 solum

135 2822 302 2903 Verbaque,
318 2822 453 2899 Pisones,
469 2823 632 2898 Satyrorum
644 2825 767 2901 scriptor
777 2822 887 2898 amabo,

136 2905 198 2965 Nec
209 2909 251 2966 sic
263 2911 352 2967 enitar
362 2909 472 2984 tragico
485 2907 598 2968 differre
610 2907 710 2984 colori,
788 2933 789 2936 ¹

134 2989 172 3050 llt
183 2990 251 3050 nihil
267 2993 391 3068 intersit,
407 2990 540 3052 Dcvusne
551 2991 681 3071 loquatur
692 3000 721 3050 ct
732 2989 821 3049 audax

134 3073 268 3152 Pythias,
287 3084 418 3136 emuncto
432 3074 539 3136 lucrata
551 3076 666 3136 Simone
680 3074 824 3150 talentum,
841 3111 843 3120 ,

134 3158 179 3218 lln
195 3168 293 3218 custos
304 3158 482 3238 famulosque
494 3159 539 3220 dei
551 3158 663 3220 Silenus
674 3157 786 3218 alumni.

134 3241 179 3303 lix
193 3243 497 3304 notollctmn'ccnnen
508 3261 628 3322 sequar,
644 3252 675 3302 ot
689 3235 847 3322 nihilquivis

136 3327 240 3403 Speret
253 3325 328 3386 idem
339 3322 349 3403 ,'
361 3327 443 3387 sudet
453 3325 568 3386 multum
579 3327 738 3405 frustraque
752 3323 862 3386 laboret
874 3331 894 3395 μ’
