2526 3986
194 215 258 318 ana
552 249 818 319 urrs'romnun
1010 256 1113 331 [uun.
1127 259 1163 334 a]

279 409 328 468 Sie
338 410 405 469 mihi
417 407 494 468 tarda
506 405 593 468 fluunt
604 409 768 486 ingrataque
781 415 924 485 tempora,
940 426 1014 486 quae
1028 425 1109 485 spem

163 509 166 520 ·
279 490 943 571 Consiliumquemoranturagendignaviterid
958 491 1035 570 quod

219 579 258 639 25
280 575 382 654 Aeque
394 575 566 654 pauperibus
578 574 711 652 prodest,
728 575 918 653 locupletibus
930 594 1033 654 aeque,

277 659 377 739 Aeque
388 659 549 737 neglectum
562 660 657 736 pueris
673 659 846 737 senibusque
858 659 981 719 nocebit.

278 743 393 821 Restat,
406 744 490 804 uthis
502 758 559 820 ego
570 761 615 802 me
627 745 691 821 ipse
702 761 798 820 regam
810 743 945 822 solerque
957 742 1117 803 elementis.

112 881 118 890 .
181 891 185 902 ,
278 826 342 886 Nun
354 829 449 905 possis
462 826 546 886 oeulo
559 837 690 905 quantum
702 827 876 886 contendere
886 826 1031 903 Lynceus:

279 910 343 971 Nun
356 921 449 972 tamen
463 910 570 970 ideireo
586 920 748 970 contemnas
761 909 855 989 lippus
867 913 979 988 inungi;

216 998 256 1061 30
277 994 339 1055 Nee
348 1040 356 1071 ‚
365 999 436 1074 ‘quia
448 993 587 1072 desperes
598 996 693 1054 invicti
705 991 986 1070 membraGlyeom's,

277 1078 395 1140 Nodosa
406 1096 511 1156 eorpus
522 1078 596 1142 nolis
612 1078 764 1157 prohibere
779 1079 935 1156 cheragra(

276 1162 329 1222 Est
344 1163 462 1242 quadam
474 1162 588 1239 prodire
599 1171 699 1238 tenus,
716 1163 740 1220 si
751 1177 807 1221 nou
819 1161 986 1221 daturultm.

277 1245 380 1306 Fervet
390 1248 504 1306 auaritia
516 1247 679 1324 miseroque
691 1245 822 1324 cupidine
835 1255 949 1323 peetus:

278 1331 348 1391 Sunt
358 1331 445 1391 verba
458 1339 487 1414 et
497 1347 603 1410 voees,
616 1330 718 1408 quibus
729 1327 803 1403 hune
814 1329 903 1389 lenire
915 1328 1042 1389 dolorem

214 1418 254 1479 35
277 1413 374 1474 Possis
390 1424 419 1473 et
430 1432 557 1491 magnam
569 1414 658 1472 morbi
671 1413 816 1491 deponere
828 1423 944 1491 partem.

277 1497 378 1558 Laudis
390 1514 486 1558 amore
497 1506 604 1558 tumes:
617 1506 681 1557 sunt
692 1506 767 1556 eertu
780 1497 905 1575 piacula,
919 1513 991 1574 quae
1002 1505 1031 1555 te

254 1649 257 1656 ,
276 1579 333 1642 l'er
343 1599 413 1660 pure
424 1581 501 1640 leeto
513 1590 644 1659 poterunt
654 1599 785 1641 recreare
795 1580 903 1640 libello.
939 1599 942 1608 ’

277 1663 407 1741 Invidus,
423 1665 589 1740 iracundus,
602 1667 695 1740 iners,
707 1667 841 1741 vinosus,
855 1672 971 1740 amatur,

277 1748 368 1810 Nemo
380 1748 452 1808 adeo
464 1748 542 1808 ierus
554 1758 614 1825 est,
628 1757 724 1808 utnon
736 1750 888 1808 mitescere
900 1749 1002 1826 pessit,

217 1833 257 1898 40
279 1834 310 1893 Si
320 1831 405 1892 modo
417 1832 543 1893 culturae
554 1831 706 1910 patientem
718 1832 876 1892 commodet
888 1849 992 1891 aurem.

276 1917 370 1977 Virtus
383 1926 427 1977 est
437 1918 535 1976 vitium
546 1916 662 1994 fugere,
676 1924 704 1975 et
715 1918 853 1995 sapientia
864 1918 952 1994 prima

226 2047 227 2053 κ
277 2001 398 2062 Stultitia
410 2002 546 2060 caruisse.
567 1999 671 2075 Vides,
688 2017 760 2078 quae
771 2000 888 2060 maxime
900 1997 991 2058 eredis

275 2085 350 2144 Esse
361 2083 448 2160 mala,
462 2085 594 2161 exiguum
607 2100 722 2142 censum
733 2092 900 2162 turpemque
910 2082 1065 2159 repulsam,

278 2168 389 2242 Quanto
402 2166 512 2227 devites
524 2168 606 2226 animi
618 2169 776 2245 cupitisque
788 2167 901 2235 labore;

214 2252 253 2314 45
276 2250 401 2330 Impiger
413 2259 554 2310 extremos
567 2253 656 2310 curris
668 2259 808 2310 mereator
818 2252 853 2310 ad
865 2248 961 2326 ludos,

275 2335 330 2395 Per
343 2353 420 2394 mare
431 2335 595 2414 pauperiem
607 2335 736 2412 fugiens,
751 2353 898 2412 persana,
912 2351 964 2411 per
976 2335 1075 2411 ignes:

275 2419 320 2478 Ne
333 2437 415 2479 eures
428 2437 477 2494 ea,
495 2436 568 2496 quae
580 2418 665 2478 stulte
679 2419 788 2478 miraris
801 2428 830 2478 et
844 2427 937 2496 optas,
1084 2491 1087 2494 Ι

276 2503 397 2564 Discere
411 2510 438 2562 et
449 2501 586 2576 audireet
596 2501 705 2561 meliori
718 2501 834 2562 eredere
846 2518 903 2561 nun
912 2498 977 2559 vis?

278 2586 349 2660 Quis
360 2589 466 2646 eireum
479 2591 569 2665 pago's
582 2595 611 2645 et
622 2587 727 2645 circum
740 2588 861 2664 compita
873 2603 986 2664 pugnax

213 2669 254 2731 50
274 2668 376 2749 Magna
388 2671 517 2729 coronari
529 2677 689 2730 contemnat
700 2668 846 2748 Olympia,
867 2671 911 2729 cui
924 2684 1002 2745 spes,

276 2753 328 2815 Cui
340 2757 377 2815 sit
388 2753 513 2814 eunditio
525 2751 616 2812 duleis
628 2755 689 2812 sine
701 2753 819 2830 pulvere
830 2750 961 2832 palmae?

274 2837 364 2898 Vilius
375 2846 520 2915 argentum
532 2845 577 2895 est
588 2853 670 2913 auro,
683 2838 831 2898 virtutibus
842 2855 952 2897 aurum:

192 2949 202 2965 ι
274 2920 324 3000 „0
336 2924 432 2997 cives,
448 2922 545 2997 eires,
563 2921 721 2998 quaerenda
733 2916 987 2999 pecuniaprimum
1001 2926 1057 2987 est;
1096 2987 1099 2996 .

275 3006 394 3082 „Virtus
407 3013 473 3083 post
485 3021 612 3064 nummos
620 3004 651 3064 !“
662 3005 734 3064 haee
746 3002 828 3065 lanus
840 3021 962 3064 summus
975 3002 1009 3061 ab
1023 3005 1082 3062 imo

212 3090 252 3152 55
275 3089 431 3165 Producet‚
450 3089 521 3148 haee
535 3089 662 3148 recinunt
673 3090 790 3149 iuvenes
803 3089 904 3148 dietata
916 3105 1069 3165 senesque,

274 3172 368 3234 laevo
382 3173 515 3251 suspensi
527 3170 639 3231 loculos
652 3171 831 3251 tabulamque
843 3173 960 3233 lacerto.

273 3256 325 3318 Est
335 3260 441 3317 animus
452 3257 517 3333 tibi,
532 3264 595 3314 sunt
606 3273 701 3316 mores
717 3265 744 3315 et
755 3256 850 3336 lingua
863 3255 1002 3334 fidesque,

274 3339 333 3399 Sed
348 3338 558 3418 quadringentis
570 3358 622 3400 sex
634 3349 743 3417 septem
756 3341 841 3401 millia
854 3339 970 3399 desunt:
