2536 3986
539 207 740 272 odktssitttti
931 211 1116 288 [curse]

307 363 393 426 Nardi
406 373 599 442 pervuscnyx
610 363 707 423 eliciet
721 361 831 439 eadum,

308 447 363 522 Qui
374 464 447 507 nune
462 446 596 525 Sulpiciis
608 446 727 506 eccuhut
737 445 858 524 horreis,

308 533 382 612 Spes
394 529 499 592 donam
510 546 598 592 novas
609 529 706 608 largus
718 547 867 610 emurque

350 612 485 675 curarum
496 613 592 674 eluere
605 614 716 676 eilicax.

306 739 352 800 Ad
363 757 436 818 quae
448 740 473 800 si
484 749 622 817 properus
634 738 746 816 gaudie,
761 757 824 799 curu
834 749 882 799 tue

305 822 399 884 Velox
409 840 503 882 merce
514 823 596 882 veui:
617 837 675 882 nou
690 839 746 900 ego
757 831 786 882 tc
798 824 881 882 meis,

306 905 458 980 Immunem
470 905 590 968 meditor
600 908 711 983 tingere
725 904 847 983 poculis,
927 957 930 963 .

358 989 443 1060 Pleup
456 990 536 1051 dives
549 991 618 1050 utin
630 989 735 1049 dcmo.·

270 1163 273 1176 .
308 1116 413 1176 Verum
428 1130 503 1193 pone
513 1131 606 1176 morus
618 1124 648 1176 et
659 1115 780 1176 studium
790 1116 872 1192 lucri,

306 1197 515 1278 Nigrorumque
525 1209 642 1275 memor,
657 1199 721 1258 dum
732 1200 810 1277 licet,
823 1193 927 1278 ignium

306 1282 397 1344 llisce
408 1282 552 1343 stultitiam
567 1282 694 1342 consiliis
706 1283 836 1344 brevem:

357 1365 450 1427 Dulce
462 1375 506 1426 est
517 1365 651 1444 desipere
663 1367 692 1425 iu
705 1365 783 1427 lo'co.

537 1667 637 1726 cren
655 1669 768 1724 xurz
878 1633 880 1638 ’

448 1775 789 1830 ,recussu

307 1910 469 1992 Audivere,
483 1911 577 1991 Lyce,
591 1914 618 1975 di
631 1931 692 1974 meu
703 1923 781 1990 vota,
795 1913 823 1974 di
933 1933 936 1944 ‘

306 1994 463 2074 Audivere,
476 1995 567 2074 Lyce:
580 1999 613 2060 lis
626 2015 711 2076 auus,
727 2006 857 2058 ettamen

348 2079 398 2140 Vis
411 2079 537 2142 formosa
549 2081 649 2157 uideri,

377 2207 379 2212 ,
398 2161 541 2243 ludisque
553 2174 582 2225 et
592 2165 666 2225 bibis
679 2163 838 2243 impudens,

311 2287 348 2349 Et
359 2297 440 2349 cautu
452 2288 571 2349 tremulo
584 2297 653 2367 potu
665 2286 832 2367 Cupidinem

305 2370 422 2434 Lectum
434 2372 581 2433 sollicitus.
616 2371 669 2431 llle
680 2374 797 2433 virentis
810 2380 839 2431 et

357 2456 468 2517 Doctae
480 2456 604 2535 psallere
616 2454 705 2516 Chiae

399 2538 526 2620 Pulchris
539 2539 660 2600 excubat
670 2541 699 2599 in
711 2541 803 2615 genis.

305 2659 484 2742 importunus
497 2661 838 2730 euimtrausvoluteridus
858 2671 860 2678 '
974 2685 978 2692 ·

309 2744 439 2819 Quercus
452 2756 480 2807 et
490 2748 614 2824 reiugit,
633 2756 662 2806 te
675 2749 740 2826 quiu
754 2746 835 2806 luridi

344 2829 481 2912 dentes,
495 2840 524 2890 te
537 2833 602 2910 quie
613 2849 701 2908 rugae

398 2912 778 2992 l'urpantetcupitisuives.
899 2927 902 2936 ¹

306 3036 367 3104 Nee
383 3035 461 3100 Goue
473 3037 600 3100 referunt
611 3039 665 3100 ium
676 3038 726 3120 tibi
739 3055 881 3116 purpurae

307 3119 368 3180 Nee
380 3119 448 3181 clari
460 3121 571 3200 lapides
583 3120 730 3200 tempere,
745 3139 819 3200 quae
832 3120 927 3200 semel

348 3202 431 3264 Notis
447 3206 559 3266 conditu
570 3206 650 3267 iustis

399 3285 516 3348 inclusit
525 3289 651 3349 volucris
665 3288 736 3349 dies.
