2526 3986
168 225 231 288 eoo
528 221 786 284 nrrsrousnuu
879 199 883 207 '
955 197 1058 300 [sne.
1077 227 1134 306 re]

252 372 395 436 conticuit
405 374 475 451 lyre.
497 371 639 434 ilreternis
651 375 776 435 cessisse
793 383 902 454 putetur

251 456 378 519 lioribus
389 457 545 535 Amphion:
560 465 590 516 tu
603 456 674 517 cede
686 461 810 537 potentis
825 458 906 519 unrici

189 541 229 606 45
249 541 371 603 Lenibus
383 543 524 625 imperiis,
537 542 708 619 quotiesque
720 541 822 602 educet
833 543 861 601 in
872 558 956 619 egros

250 624 362 686 Aetolis
373 633 486 685 coemto
498 623 591 703 plegio
602 625 723 685 lumento
734 642 886 704 canesque,

251 708 343 787 Surge
355 717 384 770 et
394 708 557 770 inlrunrense
568 709 676 769 senium
686 707 798 786 depone
810 707 961 785 Gomeuoe,

251 789 364 853 Goeues
375 800 405 852 ut
419 793 524 869 pariter
534 790 674 868 pulmento
684 791 828 853 laboribus
840 801 926 852 eruto:

251 875 385 936 Romanis
397 874 534 935 sollemne
544 875 612 934 viris
624 890 714 953 opus,
731 875 799 935 utile
811 875 902 936 ismae

190 961 230 1023 50
251 957 389 1038 vitaeque
401 957 589 1034 circeredus,
607 960 772 1034 praesertim
784 977 846 1018 cum
856 958 953 1020 voleus
965 967 994 1018 et

204 1069 207 1076 ·
249 1041 304 1102 Vel
317 1059 400 1103 cursu
411 1057 547 1120 superare
558 1057 657 1101 cenem
668 1042 714 1101 rel
724 1043 830 1102 viribus
841 1060 937 1121 aprum

251 1125 356 1186 Possis.
381 1123 462 1185 Adde
472 1123 563 1184 virilia
577 1124 653 1203 quod
664 1128 825 1202 speciosius
838 1145 913 1187 error

251 1209 314 1270 Non
326 1210 429 1288 estqui
442 1215 556 1268 trectet:
571 1210 644 1284 scis,
663 1226 720 1287 quo
732 1209 855 1270 claruere
868 1227 991 1270 coronae

250 1292 361 1353 Proelia
372 1293 513 1352 sustineas
524 1294 705 1369 cerupestrie;
726 1292 847 1372 denique
857 1313 970 1354 suevum
1044 1363 1047 1370 ¹

191 1381 229 1444 65
251 1375 376 1438 llilinsm
386 1393 458 1454 puer
471 1383 500 1434 ct
513 1372 677 1436 Cantabrico
689 1376 764 1436 belle
774 1377 861 1436 tulisti

252 1460 310 1521 Sub
325 1459 412 1535 duce,
430 1461 479 1538 qui
491 1458 777 1537 templisl’ertborunr
787 1462 867 1538 signa
877 1461 970 1538 religit

253 1543 349 1619 Nunc,
366 1551 412 1618 et,
428 1544 453 1602 si
467 1542 535 1620 quid
546 1543 644 1619 obest,
662 1541 738 1603 lulis
750 1542 889 1610 adiudicat
899 1546 991 1605 ermis.

252 1625 311 1704 Ac,
327 1644 363 1687 ue
375 1635 404 1686 te
416 1626 541 1686 retrahas
553 1635 582 1686 et
592 1627 792 1686 inexcusabilis
806 1628 892 1704 absis,

253 1710 386 1784 Quemvis
397 1708 436 1769 nil
449 1717 525 1769 extro
536 1726 680 1770 numerum
694 1711 798 1770 iecisse
810 1711 979 1790 modumque

191 1797 231 1858 60
252 1793 355 1854 Cures:
372 1792 509 1853 interdum
521 1794 633 1871 nugaris
645 1811 709 1854 rure
722 1801 851 1871 pstern03

250 1876 367 1937 Partitur
375 1875 473 1937 lintres
485 1879 643 1952 exercitus,
658 1876 740 1938 Actis
752 1894 846 1956 pugne

73 2027 76 2044 Ι
142 1995 147 2000 -
251 1960 293 2020 Te
304 1959 376 2019 duce
388 1976 439 2037 per
450 1975 556 2036 pueros
569 1960 663 2020 hostili
675 1978 753 2020 more
764 1961 894 2034 refertur,

252 2043 436 2103 Adversarius
448 2052 492 2103 est
501 2042 602 2119 freter,
622 2043 700 2104 locus
711 2043 828 2120 Hadria,
849 2043 940 2104 donec

251 2127 421 2186 Alterutrum
435 2126 520 2186 uelox
530 2127 648 2187 victoris
660 2127 760 2186 fronde
772 2137 899 2187 coronet.

191 2214 230 2276 65
253 2209 422 2271 Consentire
431 2210 490 2269 suis
502 2209 601 2269 studiis
613 2212 661 2288 qui
673 2209 824 2271 crediderit
835 2221 873 2287 te,

87 2289 92 2292 ’
250 2293 354 2354 lioutor
364 2301 483 2372 utroque
494 2301 571 2352 tuom
582 2292 704 2354 laudubit
714 2291 820 2372 pollice
832 2294 935 2354 ludum.

249 2377 378 2437 Protinus
389 2383 420 2435 ut
430 2392 574 2453 moneam,
596 2379 619 2437 si
632 2377 699 2456 quid
713 2379 858 2438 monitoris
870 2395 940 2456 eges
952 2387 997 2437 tu:

251 2459 325 2533 Quid
336 2458 372 2520 de
384 2476 498 2540 quoque
512 2463 573 2520 viro
585 2469 614 2520 et
627 2463 674 2520 cui
685 2460 776 2537 dices,
793 2478 881 2538 ssepe
890 2461 997 2522 videto.

251 2542 479 2604 Percontatorem
492 2543 598 2622 fugito:
613 2561 676 2606 uum
686 2544 815 2622 garrulus
826 2545 900 2604 idern
912 2553 966 2620 est,

189 2634 230 2694 70
250 2626 313 2687 Neo
326 2627 447 2686 retinent
457 2626 568 2704 petulee
581 2630 730 2690 commisso
742 2627 862 2689 lideliter
872 2646 964 2704 eures,

248 2709 285 2770 Et
296 2709 384 2770 semel
395 2712 528 2770 emissum
538 2711 615 2772 volat
625 2710 812 2773 irrevocabile
822 2713 947 2774 verbum.

123 2813 133 2834 ¹
248 2794 313 2855 Nou
323 2792 423 2853 encllle
433 2802 510 2854 tuum
520 2795 601 2854 iecur
615 2794 723 2856 ulceret
734 2795 790 2856 ullu
801 2811 908 2874 puerve

248 2876 323 2938 lube
335 2893 519 2938 mumoreum
529 2879 679 2939 venerandi
690 2878 775 2940 limen
784 2882 877 2955 amici,

249 2960 295 3021 Ne
309 2960 437 3021 dominus
450 2962 531 3039 pueri
542 2959 652 3038 pulchri
664 2977 781 3022 currere
792 2963 905 3041 puellse

188 3047 227 3110 lb
249 3042 365 3104 llunere
375 3052 404 3105 te
416 3059 503 3122 porro
515 3047 582 3104 beet
595 3053 642 3105 cut
652 3046 845 3106 incommodus
857 3055 950 3125 anget.

171 3169 175 3184 ,
249 3125 368 3201 Quelem
379 3127 569 3203 commendes,
586 3131 669 3189 etiem
680 3137 764 3208 etque
775 3133 859 3191 etism
872 3129 1000 3208 adspice,
1013 3147 1050 3190 ne
1066 3145 1132 3190 mox

248 3209 385 3270 incutiunt
395 3209 486 3272 eliens
496 3212 546 3272 tibi
559 3222 676 3289 peceato
687 3213 833 3291 pudorem.

213 3347 217 3355 ,
248 3291 444 3371 Fallimur‚.et
455 3292 593 3372 quendem
604 3311 659 3356 non
672 3293 784 3375 dignum
795 3297 942 3360 credimus:
958 3312 1028 3374 ergo
