2556 3990
496 315 500 340 ι
564 221 764 284 CARtssittJti
966 230 1030 305 [or.
1046 233 1088 286 10.
1103 229 1157 306 rr.)

592 407 693 465 01)ss
704 407 748 465 X.

524 515 571 568 tn
589 515 822 574 MERCURIUM.

329 626 475 708 Mercuri,
488 589 608 714 indrede
619 627 851 705 nepos-Atlantis,

344 711 399 785 Qui
410 709 489 770 ieros
501 709 592 770 cultus
604 710 746 772 hominum
760 720 905 771 recentum

342 794 422 855 Voce
433 793 559 854 formasti
572 803 650 855 satus
662 804 692 855 et
701 794 825 855 decorae

393 875 474 937 diere
485 875 653 956 palaestrae,

344 1026 385 1088 Te
397 1047 503 1105 carram,
515 1030 608 1106 magni
619 1026 698 1089 loris
711 1040 739 1090 et
752 1030 869 1091 deorum

343 1111 745 1191 Nuneiumeurveequelyme
758 1121 913 1192 parentem,
986 1149 989 1160 ·

344 1193 492 1273 callidum,
506 1195 645 1275 ¹quidquid
656 1197 771 1276 placuit,
784 1200 886 1258 iocoso

393 1276 525 1340 Condere
539 1279 626 1344 furto.

344 1428 396 1506 Te,
408 1429 499 1492 boves
510 1430 578 1490 olim
592 1432 645 1490 nisi
659 1431 834 1493 reddidisses

344 1512 399 1577 Per
410 1512 504 1576 dolum
515 1522 634 1592 emotas,
647 1533 766 1593 puemm
777 1517 879 1576 minaei

343 1599 424 1660 Voee
436 1597 501 1658 dum
512 1605 611 1676 terret,
623 1598 724 1660 viduus
738 1601 869 1678 pharetra
942 1635 943 1640 κ

394 1681 468 1741 Risit
478 1680 598 1760 Apollo.

346 1833 420 1908 Quin
436 1842 465 1893 et
475 1833 587 1912 Atrides
600 1833 673 1896 duee
687 1843 718 1895 te
729 1834 871 1914 superbos

344 1916 398 1978 llio
413 1915 495 1978 dives
506 1916 631 1980 Priamus
642 1918 743 1979 relicto

347 1999 559 2080 Thessalosque
573 2003 655 2081 ignes
668 2011 697 2063 et
707 2005 803 2083 iniqua
814 1999 916 2062 Troiae

397 2081 496 2145 Castra
508 2085 620 2147 ieiellit.
950 2095 954 2108 '

255 2301 257 2307 ,
343 2234 385 2296 ru
397 2237 458 2315 pias
470 2235 554 2297 laetis
570 2239 675 2300 mimas
687 2241 804 2319 reponis

182 2327 184 2334 '
345 2319 478 2398 Sedibus,
491 2322 629 2400 virgaque
640 2322 733 2384 levem
746 2331 867 2383 coerces

343 2404 437 2465 Aurea
447 2404 566 2482 turbam,
579 2408 692 2485 superis
709 2407 825 2467 deorum

195 2487 236 2549 20
399 2485 499 2548 Gratus
511 2496 540 2548 et
551 2490 625 2550 imis.
758 2567 763 2571 η

602 2683 751 2694 --—-

594 2841 695 2898 01)ss
706 2841 771 2897 XI.

518 2949 565 3002 ΔΙ)
582 2949 822 3007 LEUCONOEN.

237 3058 279 3120 Tu
288 3079 325 3121 ne
337 3061 494 3140 quaesieris
506 3062 581 3122 seire
592 3061 684 3139 usias,
697 3078 779 3141 quem
791 3057 869 3133 mihi,
883 3073 965 3135 quem
976 3054 1027 3114 tibi

236 3143 334 3205 Finem
352 3144 379 3205 di
391 3143 528 3223 dederint,
540 3144 704 3222 Leuconoe,
716 3161 770 3206 nee
783 3138 956 3217 Babylonios

238 3228 364 3289 Tentaris
380 3245 522 3291 numeros.
547 3229 584 3290 Ut
597 3229 709 3306 meiius,
724 3224 860 3308 quidquid
872 3225 936 3301 erit,
948 3219 1018 3301 peti!

239 3313 296 3374 Seu
307 3313 404 3392 piures
414 3313 523 3374 hiemes
538 3331 589 3373 seu
604 3315 699 3374 tribuit
714 3309 842 3391 Iuppiter
852 3307 985 3382 ultimam,
1077 3331 1082 3340 =
