2526 3986
116 210 215 282 [Epist
229 217 256 270 9.
273 212 325 280 1o.]
524 203 634 266 LIBER
644 201 668 266 Ι.

432 336 761 414 unrsmomu.

273 465 332 520 nn
363 464 631 533 ceruorum
659 463 918 523 nunonem.

115 573 287 653 Septimius,
305 573 421 653 Gluudi,
437 577 565 636 nimirum
576 575 707 653 intelligit
718 595 798 653 unus,

116 657 217 732 Quanti
231 676 277 720 me
287 659 390 721 ionias:
408 677 471 720 nam
482 678 544 719 eum
555 669 637 737 regat
651 669 679 719 et
691 677 778 738 prees
790 661 878 739 cogit,

115 741 232 802 Scilicet
243 751 273 804 ut
283 743 334 804 tibi
346 762 378 804 se
390 741 503 806 laudere
515 752 543 803 et
553 743 664 806 tradere
676 760 772 819 coner,

113 825 236 903 Dignum
246 834 340 888 mente
350 827 492 906 domoque
503 826 624 905 legentis
637 828 756 888 honesta
765 825 897 903 Neronis,

113 906 230 970 liunere
241 926 304 970 oum
316 911 395 989 iungi
406 912 547 989 propioris
561 921 658 971 oenset
671 912 765 978 amiei3

101 992 189 1065 'Quid
202 995 311 1072 possim
321 994 398 1054 videt
409 1011 442 1054 uo
453 996 531 1054 novit
542 1013 587 1054 me
597 994 706 1055 valdius
717 996 792 1072 ipso.

114 1075 201 1136 Multa
216 1077 329 1162 quidem
345 1077 417 1154 dixi,
436 1096 485 1137 our
497 1087 647 1139 excusatus
659 1078 777 1145 abirem:
884 1087 890 1100 ³

2 1155 6 1164 “
116 1159 174 1220 Sed
187 1162 282 1236 timui,
300 1179 363 1221 mea
373 1179 411 1222 ne
425 1162 540 1221 linxisse
551 1163 656 1222 minore
670 1170 792 1240 putarer,

114 1243 311 1304 Dissimulator
323 1247 386 1323 opis
399 1247 548 1323 propriae,
563 1247 630 1305 mihi
642 1244 806 1306 commodus
821 1245 878 1304 uni.

115 1327 163 1386 Sio
179 1343 253 1406 ego,
268 1328 382 1388 maioris
396 1327 509 1407 fugiens
521 1330 674 1408 opprobria
689 1329 799 1406 eulpae,

114 1410 225 1471 Frontis
237 1410 272 1471 nd
287 1412 408 1474 urbanae
421 1411 556 1473 descendi
569 1415 701 1492 praemia.
726 1412 835 1485 Quodsi

114 1493 284 1573 Depositum
295 1495 391 1556 laudus
405 1495 441 1557 oh
454 1499 535 1557 nmini
547 1499 623 1558 iusso
635 1496 781 1576 pudorem,

115 1578 216 1639 Soribe
227 1579 266 1640 tui
278 1581 376 1658 gregis
389 1580 478 1657 huno,
495 1589 524 1640 et
534 1581 637 1642 fortem
653 1579 738 1641 orode
750 1581 920 1657 bonumque.

532 1739 676 1750 o--s——nn

439 1832 686 1888 mmm
714 1833 757 1890 X.

300 1931 358 1982 ΔΙ)
390 1931 598 1984 FUSCUM
630 1931 894 1988 ARISTIUM.

116 2039 201 2101 Urbis
212 2048 362 2100 amatorem
373 2039 495 2101 Fuscum
506 2041 616 2101 salvere
627 2040 755 2102 iubemus

114 2123 199 2184 Ruris
211 2131 368 2200 amatores,
384 2125 438 2184 heo
450 2127 478 2183 in
489 2143 521 2184 re
535 2124 646 2184 soilioet
655 2143 709 2184 una

114 2205 230 2267 ltiultum
245 2205 409 2284 dissimiles,
426 2216 453 2267 at
464 2218 558 2268 cetera
571 2225 661 2286 paene
671 2206 786 2286 gemelli

113 2286 254 2352 Frnlemis
266 2292 364 2350 animis
395 2290 530 2370 quidquid
540 2300 625 2369 negat
635 2292 716 2366 ulter,
736 2301 766 2352 et
780 2293 867 2360 alter:

113 2375 266 2434 Annuimus
278 2376 382 2454 puriter
392 2375 480 2435 vetuli
493 2378 611 2454 notique
623 2376 756 2434 columbi.

114 2457 154 2518 'lu
166 2457 260 2518 nidum
271 2476 385 2536 serras„
402 2475 458 2536 ego
472 2459 555 2519 leudo
567 2460 639 2519 ruris
653 2461 762 2519 amoeni

113 2541 204 2602 Rivos
216 2550 244 2603 et
255 2557 354 2602 museo
365 2542 520 2616 oireumlitn
534 2538 775 2622 saxe'nemusque.

114 2624 190 2698 Quid
201 2623 336 2704 quaeris?
349 2625 422 2686 Vivo
438 2636 466 2687 et
476 2643 584 2706 regno,
597 2626 679 2686 simul
691 2629 744 2686 istu
754 2627 856 2706 reliqui

114 2708 194 2782 Quae
205 2725 258 2788 vos
270 2709 305 2769 ud
316 2709 428 2770 coelum
443 2711 550 2771 effertis
561 2728 674 2771 rumore
688 2712 825 2788 seeundo,

112 2791 205 2871 litque
218 2793 375 2854 sacerdotis
386 2795 521 2872 fugitiuus
533 2794 589 2854 libe
601 2811 718 2855 recuso:

111 2873 186 2935 Pone
201 2893 275 2954 egeo
286 2879 341 2938 iem
351 2878 465 2938 mellitis
477 2881 588 2956 potiore
599 2878 748 2957 placentis.

111 2958 216 3018 Vivere
226 2971 339 3021 nuturne
352 2964 376 3021 si
390 2965 592 3023 convenienter
607 2971 729 3040 oportet,

110 3040 317 3124 Ponendaeque
329 3045 414 3105 domo
430 3047 588 3125 quaerenda
601 3055 645 3106 est
656 3063 722 3107 eren
738 3048 869 3124 primun:
936 3057 939 3067 ·

110 3125 258 3187 Novistine
270 3128 364 3188 lotum
377 3131 518 3208 potiorem
529 3147 594 3190 rure
606 3130 691 3190 bento
700 3126 722 3197 i,

108 3209 161 3272 Est
171 3211 219 3270 ubi
231 3211 294 3290 plus
306 3222 422 3292 tepeant
432 3214 559 3291 hiemes,
574 3214 621 3274 ubi
637 3215 745 3291 gratior
756 3229 822 3272 nura

108 3291 206 3355 Leniat
221 3304 249 3354 et
260 3295 365 3357 rabiem
379 3296 463 3357 Canis
476 3308 504 3358 et
515 3305 654 3357 momente
664 3295 780 3372 Leonis,
