2536 3986
596 247 796 312 oanmmm
1062 256 1172 332 [oue]

498 499 502 504 .
560 411 572 504 s
608 450 710 507 oumw
733 451 799 505 vl.

522 617 580 668 no
619 613 862 671 nomsuos

319 823 325 840 x
361 787 782 859 belietanatorun'inneritus
796 793 888 873 lues‚‘
948 873 949 879 ἵ

362 878 499 955 Romane,
513 878 604 939 donee
615 879 719 957 templa
728 879 866 939 releoeris

413 962 567 1040 Aedesque
581 962 709 1028 labentes
721 962 838 1036 deorum
853 971 882 1022 ot

468 1041 563 1118 Foeda
574 1043 655 1123 nigro
668 1045 815 1106 simulaora
831 1046 916 1106 lumo.

213 1183 232 1242 5
361 1178 414 1238 Dis
424 1185 453 1236 te
463 1177 598 1238 minorem
610 1179 685 1258 quod
695 1181 784 1260 geris,
803 1180 939 1258 imperas:

220 1271 226 1289 ‘
361 1261 432 1323 Hine
445 1253 525 1322 bmne
538 1263 715 1340 principium,
727 1264 783 1324 huo
794 1263 870 1323 refer
882 1264 1000 1333 exituma

410 1344 447 1403 Di
458 1344 542 1404 multa
552 1345 676 1424 neglecti
689 1346 824 1407 dederunt

465 1427 619 1506 Hesperiae
630 1429 702 1490 mala
713 1429 868 1490 luctuosae.

361 1558 418 1621 lam
432 1561 477 1621 bis
487 1559 637 1622 Monaeses
651 1571 681 1622 et
691 1563 791 1624 Paeoni
804 1579 900 1622 manus

214 1646 254 1708 10
357 1642 422 1703 Non
437 1646 598 1722 auspicatos
611 1646 734 1708 contudit
747 1649 866 1724 impetus

413 1726 545 1805 Nostros,
562 1737 590 1788 et
601 1728 741 1789 adiecisse
752 1729 884 1808 praedam

465 1808 623 1889 'l'orquibos
639 1815 749 1893 exiguis
759 1812 885 1873 renidet„

297 2002 309 2011 „
361 1941 453 2030 Paene
465 1931 630 2022 oo'oupatam
642 1945 826 2006 seditionibus

361 2025 474 2087 Delevit
484 2025 586 2088 Urbem
596 2027 691 2090 Dacus
703 2038 731 2088 et
741 2029 890 2106 Aethiops,

214 2111 252 2174 15
404 2109 457 2170 llio
468 2110 561 2171 olasse
572 2111 744 2189 formidatus,
757 2112 806 2172 ille
831 2131 832 2134 ¹

465 2191 618 2256 Missilibus
630 2196 731 2256 melior
742 2197 861 2274 sagittis.

360 2327 492 2389 Feounda
505 2328 606 2406 eulpae
618 2330 731 2389 saecula
743 2330 853 2405 nuptias

359 2409 479 2472 Primum
490 2413 671 2491 inquinavere
683 2422 710 2472 et
732 2429 822 2490 genus
837 2419 866 2470 et
878 2410 995 2471 domos:

408 2494 471 2556 Hoe
482 2495 559 2556 fonte
572 2497 695 2557 derivata
707 2493 802 2554 clades

167 2631 171 2636 ,
210 2579 251 2640 20
463 2576 494 2638 ln
506 2581 622 2656 patriam
634 2579 825 2658 populumque
837 2577 925 2637 fluxit.

358 2709 453 2772 lllotus
465 2710 561 2771 doeeri
572 2712 676 2788 gaudet
690 2710 804 2772 lonioos

357 2793 464 2855 lllatura
475 2796 556 2871 virgo
578 2803 607 2853 et
623 2795 849 2873 lingitururtibus

408 2876 465 2938 lam
476 2894 549 2937 nuno
560 2887 589 2937 et
600 2880 725 2937 inoestos
737 2893 846 2936 amores

460 2957 505 3020 De
520 2969 619 3021 tenero
630 2961 779 3022 meditatur
790 2963 891 3039 ungui;

209 3094 248 3156 25
352 3095 421 3158 blox
431 3097 555 3156 iuniores
566 3097 675 3176 quaerit
686 3093 840 3155 adulteros·

356 3178 433 3241 luter
443 3181 533 3239 mariti
544 3182 618 3256 vinu,
630 3195 724 3258 neque
738 3177 818 3255 eligit

408 3259 460 3321 Gui
472 3262 558 3322 donet
568 3265 744 3341 impermissa
755 3261 855 3337 raptim

457 3342 562 3405 Gaudia
577 3345 726 3405 luminibus
741 3345 868 3417 remotis,
