2556 3990
197 238 257 284 niv
323 273 327 288 s
492 221 708 282 naumann
733 235 883 282 somnum
965 273 973 279 ,
1079 217 1083 226 ’

106 461 118 476 .
199 396 251 451 tari
267 394 407 462 voluisse⁷
430 394 519 450 omnia
540 400 616 448 recte
638 392 725 449 lluere
746 394 920 450 videbuntur.
967 396 1092 451 Ceterum
1112 398 1183 453 haec

198 479 340 551 Epistola,
356 495 416 532 cunr
430 483 545 550 propter
556 459 728 546 frequentent
743 495 819 532 nsunt
834 479 1029 534 vetustissimis
1046 480 1098 535 iam
1114 487 1182 535 tenr-

199 561 314 634 poribus
334 561 482 632 separatim
500 561 639 630 divulgata
656 567 683 614 et
698 568 858 631 argumento
876 578 927 617 suo
939 563 1071 633 insignita
1087 564 1138 632 sit,
1154 565 1181 618 in

199 645 262 701 aliis
278 645 358 699 libris
375 645 469 699 msotis
490 644 546 700 alio
567 645 631 698 loco
653 643 790 701 collocata
812 651 862 700 est.
908 644 973 701 Nara
994 647 1021 701 in
1038 647 1182 702 codicibus

177 772 178 784 .
199 728 400 798 antiquioribus
415 727 527 800 Epodos
541 727 695 797 antecedit,
721 729 749 782 in
764 729 967 784 recentioribus
985 731 1123 786 nonnullis
1139 731 1182 785 in-

166 849 169 855 ·
197 817 241 866 ter
257 811 368 883 Epodos
384 817 411 866 et
425 811 530 867 Satires
546 817 668 883 apparet.
942 801 951 818 ”
1099 833 1101 842 1

282 893 398 950 Omnino
423 896 573 950 cavendum
595 901 651 963 est,
683 911 717 949 ne
741 895 903 963 credamus,
928 894 1069 951 Horatium
1094 896 1182 967 ipsum

197 983 323 1058 poemata
340 993 389 1047 eo,
406 994 460 1048 quo
476 979 590 1032 nuncin
606 978 774 1033 editionibus
792 979 936 1048 leguntur,
958 979 1053 1034 ordine
1069 993 1182 1050 compo-

199 1063 289 1116 suisse
313 1067 360 1116 aut
379 1061 517 1131 edidisse,
540 1077 618 1134 quam
640 1061 749 1131 quidem
771 1061 929 1133 opinionem
951 1063 1019 1118 satis
1040 1064 1182 1132 vulgarem
1269 1097 1270 1126 3

197 1152 262 1216 post
276 1147 314 1201 lo.
332 1145 496 1211 llassoninm
510 1140 555 1217 (in
567 1145 599 1211 Q.
613 1143 719 1200 lloratii
735 1145 826 1199 Flacci
841 1145 904 1201 Vita
920 1146 1017 1200 ordine
1034 1147 1182 1201 chronolo-
1220 1185 1223 1194 2
1269 1131 1270 1172 ³

197 1229 262 1298 gico
279 1228 417 1284 delineata
430 1234 482 1282 eto.
499 1221 583 1304 bugd.
600 1229 657 1283 bat.
672 1223 754 1301 1708)
768 1228 798 1282 ll.
812 1228 951 1283 bentleins
964 1229 992 1282 in
1007 1229 1181 1300 praefatione

198 1309 329 1367 editionis
352 1326 418 1367 suae
446 1317 513 1372 1711
538 1311 662 1382 refutans
687 1311 805 1380 singulis
831 1313 979 1366 carminum
1000 1312 1080 1367 libris
1106 1319 1182 1367 certa

197 1395 331 1466 temporis
347 1396 436 1467 spatia
452 1395 490 1450 ita
499 1394 671 1464 assignavit,
687 1400 716 1449 ut
727 1393 884 1450 Satirarum
899 1395 997 1450 librum
1012 1396 1127 1467 primurn
1140 1396 1182 1449 in-

199 1484 240 1534 tra
256 1493 342 1534 annos
358 1479 457 1534 aetatis
469 1483 579 1536 26—28
593 1473 752 1551 (713-717
766 1496 790 1533 a.
807 1495 833 1532 ιι.
846 1474 903 1551 o.);
920 1485 1017 1551 postca
1034 1480 1182 1534 secundum

196 1563 317 1617 triennio
333 1562 438 1630 itidem,
454 1562 532 1616 annis
543 1567 654 1620 31-33
667 1559 828 1635 (tau-tua
845 1578 868 1618 a.
882 1579 908 1616 ιι.
923 1559 978 1636 o.);
995 1563 1095 1618 deinde
1106 1561 1182 1632 Epo-

196 1646 245 1700 dcs
259 1644 387 1713 biennio,
407 1661 430 1698 a.
454 1649 488 1703 34
508 1650 536 1698 et
557 1651 590 1704 35
610 1642 677 1718 (723
694 1651 722 1715 et
738 1651 790 1716 734
808 1663 832 1700 a.
854 1662 881 1699 u.
906 1643 960 1719 o.);
989 1653 1043 1700 turn
1061 1645 1182 1702 Odorem

196 1729 296 1783 librum
312 1727 426 1798 prinnina
446 1727 583 1797 triennio,
606 1745 629 1783 a.
647 1735 757 1788 36-38
776 1725 933 1803 (tas-727
960 1748 983 1785 a.
1008 1746 1034 1785 ιι.
1054 1725 1113 1802 ο.);
1138 1745 1183 1784 se-

197 1812 313 1866 cundum
328 1809 463 1884 biennio„
473 1828 497 1866 a.
522 1809 602 1869 40'et
615 1817 648 1869 41
670 1809 737 1885 (729
748 1818 776 1868 et
787 1817 839 1871 730
854 1831 878 1868 a.
895 1831 921 1868 ιι.
938 1810 994 1887 o.);
1018 1813 1183 1883 tertiumque

111 1916 113 1924 ’
194 1895 302 1966 pariter
316 1893 445 1962 biennio,
461 1912 484 1950 a.
501 1900 535 1952 42
550 1901 578 1950 et
592 1901 627 1955 43
641 1892 706 1968 (731
723 1902 751 1950 et
763 1901 819 1955 tta
831 1914 855 1951 a.
873 1913 898 1950 a.
917 1893 972 1970 o.);
995 1898 1059 1953 inde
1073 1897 1182 1968 Episto-

196 1981 286 2032 laram
301 1977 417 2048 primurn
430 1977 560 2047 biennio,
582 1997 605 2035 a.
622 1984 743 2039 laetat
766 1974 832 2054 (735
848 1987 876 2035 et
894 1986 947 2040 736
964 1999 987 2037 a.
1005 1999 1031 2038 n.
1049 1975 1105 2053 o.);
1128 1987 1182 2034 tarn

198 2061 320 2117 Odarum
341 2061 440 2117 librum
457 2068 581 2132 quartum
603 2070 630 2117 et
646 2063 674 2119 C.
692 2064 843 2119 saeculare
861 2065 999 2134 triennio,
1027 2082 1051 2118 a.
1073 2060 1182 2124 49-51

196 2139 387 2218 (738-740);
409 2152 551 2215 postremo
568 2147 662 2202 Artem
673 2151 810 2219 patticam
833 2153 862 2204 et
876 2149 1063 2219 Epistularum
1083 2147 1182 2202 librum

160 2291 161 2294 Ἴ
196 2231 312 2287 alterum
338 2228 416 2284 annis
437 2229 804 2301 incertis'periecerit.·—
835 2232 892 2299 Qua
914 2232 978 2302 lege
1000 2248 1101 2286 sunrnra
1124 2246 1183 2284 curn

196 2313 362 2369 confidentia
388 2313 442 2367 lata
466 2314 603 2384 quomodo
620 2315 697 2371 viros
718 2316 816 2373 doctos
840 2314 954 2370 saeculo
971 2314 1086 2384 amplius
1107 2313 1182 2369 deci-

196 2406 263 2468 pere
278 2395 415 2470 potuerit,
436 2397 720 2468 virsintelligerctun
741 2400 795 2454 nisi
815 2397 905 2467 magni
921 2395 1038 2450 Bentleii
1061 2397 1182 2452 auctori-

194 2486 237 2536 tas
256 2481 328 2535 inter
348 2481 425 2535 viros
441 2481 565 2536 eruditos
585 2499 673 2553 paene
690 2483 794 2537 intinita
810 2481 917 2535 inisset.
961 2478 1021 2534 Etsi
1038 2480 1110 2535 enirn
1127 2481 1183 2535 sin-

195 2563 254 2632 guli
269 2564 297 2618 in
313 2563 482 2619 editionibus
499 2564 556 2618 suis
573 2566 681 2635 singula
698 2558 844 2619 carminum
865 2569 1004 2632 tempora,
1027 2565 1184 2619 aBentleio

195 2646 408 2715 dissentientes,
435 2647 592 2702 accuratius
612 2649 759 2719 explorare
780 2647 958 2715 studuerunt,
978 2653 1068 2701 tamen
1088 2653 1183 2702 nostra

196 2731 302 2784 demum
320 2736 409 2784 aetate
431 2730 512 2786 novis
527 2735 555 2788 et
567 2731 601 2784 de
613 2730 722 2800 integro
736 2721 943 2800 quaestionibus
957 2731 1089 2786 institutis
1101 2732 1184 2786 bent-

196 2812 302 2867 leianas
325 2818 478 2883 temporum
500 2814 624 2868 rationes
650 2831 664 2868 a
691 2813 809 2868 veritate
833 2813 986 2868 abhorrere
1010 2814 1184 2885 exploratum

196 2902 247 2951 cst.
292 2897 322 2951 ln
339 2911 391 2964 qua
407 2913 438 2952 re
454 2897 634 2967 difficillima,
649 2903 679 2951 nt
695 2897 765 2953 alios
782 2896 919 2966 omittant,
943 2913 1080 2968 prospere
1100 2898 1183 2954 suda-

194 2985 259 3034 runt
276 2977 413 3033 Weialtert
423 2996 482 3036 curn
495 2981 523 3036 in
534 2981 660 3052 pluribus
673 2981 763 3036 doctis
776 2981 1068 3049 commentationibus,
1087 2987 1142 3035 tum
1154 2981 1183 3035 in
1269 2993 1270 3032 1

95 3063 96 3068 ’
193 3062 343 3117 Poetarum
365 3062 526 3139 Latinorum
552 3066 680 3136 reliquias.
715 3064 787 3136 lips.
812 3069 888 3123 1830.
915 3069 959 3134 8.,
988 3064 1129 3118 Kirclmer
1154 3065 1182 3118 in
1269 3083 1270 3116 2

194 3141 399 3212 Quaestiouibus
413 3147 585 3204 Horatianis.
606 3148 757 3218 Numburgi
771 3153 847 3209 1834.
869 3153 908 3218 4.,
920 3147 1036 3202 Fronte
1051 3148 1078 3202 in
1092 3148 1184 3202 Fastis
1253 3145 1258 3152 “

193 3229 368 3296 Horatianis,
386 3231 476 3285 Berol.
491 3237 566 3291 1839.
589 3238 615 3292 8.
646 3231 697 3298 Qui
711 3248 871 3304 quamquam
882 3232 910 3286 in
922 3232 1107 3305 temporibus,
1121 3231 1183 3302 qni—

193 3313 245 3369 bus
264 3314 373 3385 singula
392 3313 513 3370 carmina
530 3314 638 3371 Horatii
660 3323 722 3371 nata
741 3317 811 3386 sint,
838 3317 994 3372 accuratius
1018 3307 1183 3370 deliniendis
1269 3341 1270 3396 3

194 3397 361 3453 dissentiunt
372 3399 460 3454 adhuc
472 3398 545 3454 inter
557 3415 602 3454 se:
624 3399 652 3454 in
664 3399 820 3456 universnm
837 3405 926 3456 tannen
943 3399 1105 3470 ponderatis
1117 3398 1184 3453 illo·
1269 3403 1270 3466 i

193 3497 252 3536 rum
263 3483 418 3539 rationibus
435 3484 489 3540 boc
506 3499 578 3538 nunc
590 3489 719 3539 constare
731 3484 858 3554 uidetur,
876 3482 1017 3538 Horatium
1032 3480 1140 3536 Satires
1156 3487 1184 3536 et
