2526 3986
112 215 233 294 [suen]
518 212 628 274 urnun
647 212 684 273 11.
810 259 814 270 .
1015 195 1075 277 sen

111 367 164 444 Tu,
176 367 243 426 milri
257 367 305 447 qui
317 367 478 448 imperitas,
494 364 541 424 alii
552 367 643 426 servis
657 367 743 436 miser
756 375 840 446 nique

110 451 249 528 Dueeris,
263 458 293 509 ut
306 453 401 510 nervis
413 449 512 509 alienis
523 449 629 509 mobile
643 449 758 526 lignum.

111 535 247 608 Quisnam
257 536 344 612 igitur
353 531 445 593 liber?
457 533 587 610 Sapiens,
600 533 654 592 sihi
664 535 713 611 qui
724 533 905 612 imperiosus,

112 618 203 692 Quem
231 635 326 696 neque
355 617 507 695 pauperies
539 635 633 695 neque
658 633 734 675 mors
764 635 858 695 neque
879 613 990 698 vinnula

281 739 284 746 -
613 708 729 776 terreni,

110 785 295 863 Responsnre
310 783 504 863 cupidinibus,
522 793 701 844 contemnere
716 783 840 843 honores
1032 780 1071 842 85

109 868 214 945 Fortis,
227 878 256 928 et
265 870 294 928 in
308 887 341 953 se
355 869 419 947 ipso
431 877 519 944 totus,
530 878 609 926 teres
620 875 706 946 atque
719 865 866 942 rotundus,

11 1023 12 1026 Ἴ
109 952 224 1012 Extemi
239 970 276 1013 ne
291 951 358 1031 quid
372 951 465 1011 valent
476 950 603 1028 perleve
614 952 727 1026 morari,

108 1034 141 1096 ln
153 1054 237 1114 quem
251 1053 350 1095 mnnea
359 1037 415 1094 ruit
427 1051 544 1113 semper
553 1036 673 1096 fortunn.
695 1032 819 1094 Potesne

107 1119 152 1180 Ex
163 1121 207 1179 his
218 1128 248 1178 ut
259 1121 404 1196 proprium
417 1118 484 1197 quid
495 1115 637 1178 noseere'l
647 1173 648 1184 ,
660 1117 792 1196 Quinque
803 1115 906 1176 tnlentn

107 1202 203 1263 Poscit
214 1211 244 1262 te
255 1202 366 1279 mulier,
381 1211 466 1262 vexat
476 1203 642 1281 lenibusque
652 1201 797 1279 repulsum
1031 1203 1072 1263 90

107 1286 251 1346 Perfundit
262 1286 373 1364 gelida,
386 1305 484 1346 nrrnus
495 1295 594 1346 voont:
607 1287 687 1364 eripe
700 1287 775 1364 turpi

107 1369 189 1430 Colla
201 1372 279 1448 iugo,
292 1369 410 1447 „Liben
422 1369 496 1431 liber
506 1373 603 1448 sum,“
616 1369 742 1447 diunge!
757 1368 820 1430 Non
833 1369 910 1448 quin:

105 1454 196 1531 Urget
207 1456 280 1514 enim
292 1452 420 1514 dominus
434 1463 622 1514 mentemnon
633 1451 705 1513 lenis
716 1462 745 1513 et
755 1471 837 1512 nores
911 1461 914 1466 ’

106 1538 252 1597 Subieetnt
262 1537 339 1597 lasso
352 1537 480 1597 stimulos
491 1548 644 1616 versatque
654 1546 814 1616 negantem.

104 1620 159 1679 Vel
170 1639 233 1680 eum
247 1621 382 1682 Pousinon
395 1630 510 1701 torpes,
526 1625 640 1698 insane,
655 1621 769 1696 tabella,
1028 1625 1067 1686 95

105 1705 161 1778 Qui
173 1722 278 1782 peenas
289 1708 379 1764 minus
390 1714 477 1784 ntque
489 1723 556 1791 ego,
570 1724 632 1765 eum
643 1703 724 1765 Fulvi
734 1704 919 1782 Rutubaeque

104 1788 160 1847 Aut
173 1787 342 1849 Plneideianl
357 1799 492 1849 eontento
502 1790 612 1868 poplite
626 1791 712 1849 miror

103 1871 214 1934 Proelia
225 1873 336 1932 rubrlen
349 1875 424 1950 pieta
438 1882 487 1932 nut
499 1873 633 1948 carbone,
649 1857 728 1932 velut
739 1874 763 1932 si

102 1955 145 2016 ne
158 1972 226 2014 vern
239 1964 380 2033 pugnent,
395 1956 497 2015 feriant
507 1959 653 2034 vitentque
666 1965 813 2016 moventes

101 2040 187 2099 Arnen
200 2035 274 2098 viril
296 2037 425 2116 Nequam
437 2047 466 2098 et
478 2048 607 2099 eessntor
616 2039 728 2110 Dnvus3
745 2049 774 2099 at
784 2041 848 2118 ipse

102 2121 220 2184 subtilis
234 2131 361 2180 veterum
371 2121 458 2182 iudex
469 2131 497 2182 et
513 2122 630 2182 callidus
644 2122 733 2184 audis.

101 2207 148 2266 Nil
161 2222 235 2284 ego,
248 2207 273 2264 si
285 2203 375 2267 ducor
385 2202 445 2264 libo
456 2205 594 2266 lumnnte:
605 2207 656 2266 tibi
667 2209 767 2284 ingens

100 2291 197 2350 Virtus
211 2297 296 2368 atque
307 2291 414 2348 animus
427 2292 525 2350 eoenis
536 2289 687 2369 responsat
698 2289 819 2368 opimis?

102 2373 278 2452 Obsequium
287 2373 395 2432 ventris
406 2374 473 2432 milri
484 2375 673 2452 perniciosius
686 2382 730 2432 est
742 2372 813 2433 eur?

101 2457 196 2535 'Pergo
210 2457 323 2535 pleetor
334 2457 418 2516 enim.
443 2456 497 2530 Qui
509 2467 539 2518 tu
550 2459 711 2536 impunitior
721 2455 779 2533 illn,

101 2541 182 2614 Quae
197 2557 286 2618 parvo
298 2543 370 2600 sumi
381 2550 543 2619 nequeunt,
561 2542 681 2600 obsonia
692 2537 813 2617 enptnsl

99 2624 210 2702 Nempe
221 2626 427 2684 inamarescunt
438 2623 540 2702 epulae
553 2625 615 2684 sine
627 2625 681 2684 line
692 2627 808 2703 petitae,

98 2706 236 2787 Illusique
250 2708 340 2785 pedes
350 2710 484 2768 vitiosum
495 2709 571 2771 lene
584 2715 716 2770 reeusant

99 2789 223 2869 Corpus.
244 2791 289 2851 An
302 2792 349 2851 hie
362 2801 474 2870 peeent,
487 2793 539 2852 snb
551 2801 663 2853 noctem
675 2795 722 2872 qui
734 2808 806 2871 puer
815 2809 896 2863 uvam

97 2874 211 2935 Furtivn
222 2885 309 2935 mutat
323 2875 439 2954 strigili;
455 2878 503 2954 qui
516 2876 630 2954 praedia
640 2876 746 2954 vendit,

96 2959 143 3019 Nil
158 2959 261 3019 servile
273 2959 357 3037 gulae
368 2975 470 3038 pnrens
480 2957 588 3021 habet?
607 2959 706 3037 Adde,
723 2958 799 3039 quod
810 2957 883 3018 idem

96 3040 160 3101 Non
173 3043 269 3102 horam
280 3052 373 3103 teeum
389 3061 456 3104 esse
468 3053 569 3122 potes,
581 3061 638 3104 non
650 3045 706 3104 etin
717 3052 795 3104 reete

96 3123 221 3203 Ponere,
235 3135 323 3205 teque
336 3129 429 3205 ipsum
440 3131 512 3187 vitm
524 3128 658 3206 fugitivus
671 3136 699 3188 et
711 3145 785 3204 erro,

95 3208 153 3270 lnm
162 3211 234 3269 vino·
246 3227 402 3288 qunerens,
418 3215 472 3271 inm
483 3226 582 3272 somno
594 3212 693 3272 lallere
706 3230 812 3279 eumm;

94 3292 225 3353 Frustra:
238 3311 302 3354 nnm
314 3311 412 3354 eomes
423 3303 481 3354 atra
495 3298 596 3372 premit
608 3297 792 3374 sequiturque
803 3295 943 3372 fugacem.
1000 3293 1061 3358 115
