2556 3990
435 819 471 933 o.
487 821 642 884 uounru
658 823 792 887 nuncet

239 955 278 1043 C
337 935 380 1041 Ἀ
438 956 482 1043 R
541 954 608 1042 Mt
649 957 670 1042 l
728 959 771 1045 N
830 962 877 1049 U
935 959 984 1048 Μ

495 1109 590 1167 ttttttt
606 1109 736 1166 PRIMUS.

534 1323 635 1379 ome
651 1323 684 1377 ι

437 1438 483 1490 uu
519 1437 787 1495 MAECENATEM.
896 1489 901 1518 ,

283 1538 454 1626 Maecenas
465 1561 553 1620 atavis
566 1560 641 1620 edite
656 1562 787 1640 regibus,

282 1644 306 1706 0
320 1653 348 1704 et
359 1643 528 1722 praesidium
542 1653 570 1703 et
582 1644 665 1704 dulce
677 1645 765 1704 decus
780 1662 882 1721 meum,

281 1727 351 1788 Sunt
365 1744 437 1805 quos
450 1727 590 1787 curriculo
602 1727 747 1806 pulverem
761 1727 938 1807 Olympicum

281 1809 444 1889 collegisse
458 1813 544 1888 iuvat,
562 1820 693 1891 metaque
705 1811 821 1872 fervidis
846 1865 850 1875 .

279 1895 389 1956 Eritata
400 1897 469 1954 rotis
482 1895 632 1974 palmaque
642 1895 746 1956 nobilis

279 1977 426 2039 Terrarum
441 1977 569 2038 dominos
585 1981 680 2038 evehit
694 1979 729 2039 ad
745 1979 829 2048 deos;

279 2061 370 2138 Hune,
388 2064 412 2121 si
423 2061 568 2121 mobilium
580 2063 660 2122 turba
677 2061 825 2135 Quiritium

280 2143 376 2206 (lertat
391 2147 555 2222 tergeminis
566 2144 668 2204 tollere
679 2146 849 2216 honoribus;

279 2227 371 2306 illum,
388 2230 413 2288 si
429 2230 544 2306 proprio
561 2229 684 2289 condidit
697 2230 812 2311 horreo,

282 2312 424 2391 Quidquid
438 2311 473 2372 de
487 2310 600 2388 Libyeis
617 2317 737 2398 verritur
748 2316 831 2373 areis.

279 2395 451 2458 Gaudentem
466 2398 572 2474 patrios
587 2396 692 2464 lindere
707 2395 818 2456 sarculo
887 2419 889 2430 ’

276 2479 370 2559 Agros
384 2479 514 2540 Attalicis
529 2479 735 2540 conditionibus
763 2507 764 2510 ¹

277 2563 424 2642 Nunquam
438 2563 592 2639 dimoveas,
607 2572 637 2623 ut
649 2563 727 2624 trabe
740 2562 844 2640 Cypria

276 2647 417 2723 Myrtoum
428 2647 546 2725 pavidus
557 2657 638 2708 nauta
653 2657 732 2708 secet
746 2664 832 2706 mare.

138 2749 161 2804 ²,
277 2729 438 2790 Luctantem
447 2728 545 2791 icariis
557 2731 688 2792 {luctibus
702 2731 827 2791 Africum

277 2813 418 2875 Mercator
432 2823 569 2892 metuens,
588 2819 675 2874 otium
685 2825 714 2876 et
725 2812 822 2893 oppidi
849 2843 853 2848 ‚

276 2896 380 2958 Laudat
391 2917 454 2958 rura
466 2901 523 2968 sui:
538 2917 604 2959 mox
614 2899 705 2959 reficit
715 2907 790 2958 rates

277 2979 413 3059 Quassas,
426 2981 556 3042 indocilis
571 2977 736 3061 'pauperiem
747 2983 813 3060 pati.

275 3063 328 3124 Est
342 3069 390 3145 qui
403 3083 458 3126 nee
471 3068 577 3126 veteris
591 3061 696 3144 poeula
705 3065 819 3126 Massici

275 3146 337 3208 Nee
347 3159 454 3228 partem
465 3150 557 3212 solido
570 3150 683 3210 demere
694 3149 731 3209 de
743 3149 787 3210 die

274 3232 398 3310 Spernit,
411 3251 484 3294 nunc
494 3234 575 3293 viridi
587 3233 710 3292 membra
721 3234 772 3292 suh
785 3235 883 3294 arbuto

275 3314 394 3395 Stratus,
406 3337 480 3378 nune
493 3317 528 3377 ad
542 3335 632 3395 aquae
644 3315 709 3376 leue
720 3327 803 3396 caput
816 3335 924 3378 sacrae.
1010 3313 1012 3319 '

155 3401 311 3446 uouemus.
916 3399 930 3450 1
