2536 3986
93 277 97 288 .
130 235 196 304 [oa.
214 235 257 291 1o.
270 235 323 302 rc]
517 209 628 283 claun
645 219 697 280 111.

284 380 395 456 Quanto
407 377 528 458 quisque
542 375 596 433 sibi
608 373 687 450 plura
705 371 868 450 negaverit,¹
967 381 970 392 ‘

164 465 165 470 ’
282 464 326 525 Ab
343 463 386 522 dis
402 459 483 539 plura
499 457 586 526 ieret:
608 457 647 516 nil
662 457 834 534 cupientium

333 544 432 608 Nudus
450 550 541 605 castra
555 549 621 618 peto
633 549 663 600 et
673 537 817 616 transfuga
832 535 947 596 divitum

335 669 340 674 -
391 626 489 688 Partes
500 625 629 702 linquere
647 624 752 701 gestio,
849 692 851 696 ι
884 671 885 676 ,

287 754 454 816 Contcmtae
470 749 598 809 dominus
611 744 849 824 splendidiorum,
962 768 968 782 =
1059 737 1098 800 25

288 837 378 913 Quam
390 837 425 910 si,
441 830 577 912 quidquid
591 839 650 890 arat
662 829 783 907 impiger
796 823 937 905 Appulus,

337 917 489 980 Occultare
508 917 579 976 meis
592 914 703 974 dicerer
713 912 835 988 horreis,

391 1001 507 1080 llaguas
519 1001 591 1058 inter
602 1014 674 1076 opes
684 997 779 1073 inops.

288 1126 377 1190 Parae
388 1129 465 1188 rivus
477 1143 568 1203 aquae
580 1123 707 1200 silvaque
718 1122 847 1198 iugerum

288 1212 444 1274 Paucorum
456 1218 485 1270 ct
496 1210 604 1286 segetis
617 1215 694 1266 certa
706 1203 775 1263 fides
786 1203 867 1262 meac
1058 1198 1100 1260 30

338 1294 505 1374 Fulgentem
519 1291 638 1369 imperio
649 1287 750 1349 fertilis
761 1285 876 1346 Africae

277 1396 291 1450 ἢ
393 1377 477 1438 Fallit
486 1385 564 1437 sorte
579 1375 698 1434 beatior.

292 1503 456 1582 Quanquam
469 1519 524 1561 nec
541 1498 677 1560 Calabrae
688 1494 772 1556 mella
783 1492 965 1568 reruntapss,

291 1587 354 1664 Nec
365 1585 567 1663 Laestrygonia
577 1582 705 1643 Bacchas
718 1581 747 1639 in
761 1577 894 1655 amphora

341 1668 510 1748 languescit
521 1667 598 1742 milri,
613 1683 666 1726 nec
678 1664 793 1743 pinguia
811 1658 925 1720 Gallicis
1046 1655 1101 1718 ,35

396 1752 535 1814 Crescunt
544 1749 650 1812 vellera
661 1743 789 1827 pascuis}

290 1877 452 1956 inportuna
464 1885 557 1936 tamen
566 1873 718 1952 pauperies
730 1868 820 1945 abest,

293 1959 366 2038 Nec,
384 1963 408 2019 si
420 1959 499 2037 plura
508 1957 608 2034 uelim,
621 1965 652 2016 tu
668 1954 736 2016 dare
751 1951 887 2029 deneges.

214 2083 218 2106 t
345 2041 496 2105 Contracta
507 2039 607 2100 melius
623 2054 707 2116 parva
724 2035 856 2113 cupidine
935 2083 939 2098 r

397 2123 554 2203 Vectigalia
569 2123 719 2202 porrigam,
1064 2115 1105 2179 40

295 2250 385 2325 Quam
397 2253 421 2310 si
433 2247 594 2326 Mygdoniis
611 2265 728 2324 regnum
740 2244 862 2320 Alyattei

297 2333 410 2414 Campis
424 2335 591 2394 continuem.
623 2330 710 2391 lllulta
729 2329 889 2408 petentibus

344 2418 454 2480 Desunt
468 2416 566 2478 multa:
588 2416 662 2476 bene
675 2422 729 2488 est,
749 2413 794 2472 cui
809 2409 879 2470 deus
892 2408 991 2469 obtulit

400 2503 498 2580 Parca,
511 2498 587 2582 quod
603 2499 670 2559 satis
682 2505 735 2573 est,
748 2512 840 2556 manu.

555 2715 702 2726 ..--.---

516 2838 616 2896 omm
630 2837 747 2893 xvu.

433 2948 480 3002 no
509 2946 649 3001 sucrum
678 2943 830 3024 eamcam.

300 3061 365 3136 leli
376 3069 489 3121 vetusto
504 3058 608 3119 nobilis
622 3057 656 3117 ab
674 3054 769 3132 lamo,
787 3087 797 3100 -

300 3143 419 3220 Quando
432 3153 461 3204 et
472 3144 582 3222 priores
597 3141 662 3201 hinc
674 3137 783 3200 Lamias
797 3138 888 3198 lerunt

349 3228 550 3294 Donominatos
562 3233 590 3284 et
605 3231 739 3302 nepotum
793 3221 795 3226 '

402 3310 457 3371 Por
467 3323 605 3370 memores
616 3323 706 3385 genus
720 3323 802 3366 omne
813 3303 914 3375 laotos:
