2556 3988
124 241 225 308 [Epist.
238 239 277 305 e]
509 231 619 292 ureun
630 231 667 292 11.

122 383 192 444 l’ost
202 385 277 463 hunp
289 399 429 462 personae
441 383 591 467 pallaeque
601 395 733 462 repertor
742 386 879 446 honestae

59 503 67 510 -
123 467 283 542 Aeschylus
295 476 323 527 et
334 465 452 540 modicis
464 468 591 543 instrepit
603 468 711 546 pulpita
722 471 818 548 tignis,

122 551 160 612 Et
171 549 267 610 docuit
280 549 466 628 magnumque
476 549 555 629 loqui
566 554 674 630 nitique
686 552 832 611 cothurno.

123 635 269 695 Successit
280 625 416 693 vetusius
428 635 592 712 comoedia,
607 653 664 696 non
677 637 740 696 sine
750 634 848 694 multa‘

92 715 95 720 ’
122 718 232 787 Laude;
250 717 303 778 sed
314 719 342 778 in
353 719 449 776 vitium
460 716 576 779 libertas
588 719 692 779 excidit
704 726 732 778 et
742 720 798 778 vim

123 801 243 880 Dignam
254 801 320 879 lege
332 802 411 878 regi:
428 799 475 860 lex
487 811 530 862 est
541 812 675 881 accepta,
691 803 852 880 chorusque

123 883 256 962 Turpiter
267 886 385 944 obticuit
396 883 506 946 sublato
518 889 578 945 iure
590 885 722 946 nocendi.

123 969 170 1030 Nil
185 971 346 1030 intentatum
357 971 445 1028 nostri
457 969 568 1048 liquere
580 977 699 1048 poe'tae;

123 1051 185 1114 Nec
197 1054 336 1112 minimum
347 1070 476 1112 meruere
488 1053 592 1130 decus,
607 1050 728 1132 vestigia
740 1049 847 1112 Graeca

124 1136 194 1195 Ausi
209 1135 344 1196 deserere
356 1144 384 1194 et
395 1136 544 1197 celebrare
553 1135 708 1208 domestica
720 1136 804 1212 lacta,

123 1219 178 1279 Vel
190 1222 236 1298 qui
249 1228 409 1297 praetextas
421 1221 468 1279 vel
480 1224 527 1300 qui
539 1220 662 1282 docuere
673 1228 794 1298 togatas.

124 1302 187 1363 Nec
198 1305 300 1362 virtute
312 1303 387 1364 foret
403 1304 523 1364 clarisve
535 1307 677 1383 potentius
688 1306 782 1380 armis,

126 1386 216 1462 Quam
227 1385 336 1464 lingua,
353 1386 475 1464 latium,
493 1390 517 1448 si
531 1406 586 1450 non
598 1389 754 1467 ollenderet
765 1405 860 1446 unum-

126 1489 266 1550 quemque
278 1479 425 1547 poetarum
436 1471 518 1531 limae
529 1472 609 1532 labor
621 1482 649 1532 et
659 1468 747 1532 morass
769 1470 844 1546 Vos,
863 1486 880 1529 o
963 1491 969 1495 ·

125 1553 278 1632 Pompilius
290 1555 404 1632 sanguis
403 1540 442 1650 s
441 1573 552 1616 carmen
563 1555 775 1634 reprehendite,
792 1553 869 1633 quod
884 1569 942 1636 nott

55 1644 74 1668 ⁸
124 1637 211 1698 Multa
225 1638 285 1701 dies
298 1647 326 1698 et
336 1638 421 1698 multa
434 1638 514 1699 litura
526 1643 654 1700 coercuit
668 1648 752 1717 atque
947 1649 951 1659 '

124 1719 283 1782 Perfectum
294 1721 391 1785 decies
402 1739 458 1788 non
470 1727 617 1802 castigavit
628 1723 663 1783 ad
676 1740 826 1800 unguem,x

125 1805 270 1884 Ingenium
281 1808 382 1865 misera
394 1809 459 1884 quia
470 1806 636 1866 fortunatius
647 1815 706 1866 arte
827 1839 860 1872 n>

127 1888 223 1950 Oredit
234 1898 262 1948 et
273 1886 397 1948 excludit
408 1906 493 1948 sanos
507 1889 645 1949 Helicone
659 1897 759 1967 poetas
850 1872 868 1954 l
886 1847 895 1924 ι’

124 1973 320 2048 Democritus,
336 1973 409 2032 bona
423 1989 488 2049 pars
499 1988 556 2034 non
567 1992 675 2051 ungues
689 1990 796 2050 ponere
809 1979 897 2048 curat,

125 2055 189 2116 Non
199 2055 323 2131 barbam,
337 2063 448 2114 secreta
459 2059 529 2133 petit
539 2056 622 2133 loca,
639 2057 738 2117 balnea
749 2058 826 2116 vitat.

123 2139 311 2200 Nenciscetur
321 2140 394 2197 enim
406 2141 524 2216 pretium
538 2158 697 2218 nomenque
709 2147 824 2219 poetae,

124 2224 155 2283 Si
167 2224 256 2282 trihus
269 2222 411 2298 Anticyris
424 2232 508 2300 caput
521 2224 675 2284 insanabile
687 2243 825 2303 nunquam

16 2355 17 2358 η
125 2305 244 2372 l'onsori
255 2299 352 2365 Licino
365 2309 544 2367 commiserit.
569 2307 592 2368 0
605 2326 661 2386 ego
673 2308 782 2385 laevus,

125 2389 180 2464 Qui
193 2407 299 2469 purgor
311 2390 397 2450 bilem
409 2391 460 2450 sub
471 2393 552 2452 verni
564 2393 699 2468 temporis
710 2391 820 2451 horam!

123 2475 187 2536 Non
197 2473 386 2534 oliuelaceret
398 2474 515 2543 meliora
526 2483 658 2554 poemata
670 2519 678 2535 .
688 2520 696 2534 .
707 2519 714 2534 .
726 2493 823 2534 verum

106 2585 108 2591 ·
124 2558 170 2617 Nil
181 2560 249 2618 tanti
264 2566 318 2616 est.
341 2555 420 2636 Ergo
432 2558 607 2636 lungarvlce
619 2561 707 2635 cotis,
719 2568 831 2620 acutum
892 2583 895 2588 ·
921 2626 924 2639 Ι
946 2579 984 2651 p-

123 2641 255 2702 Reddere
268 2641 559 2721 quaeierrumvalet,
580 2661 680 2704 exsors
691 2646 753 2721 ipsa
765 2641 891 2708 secandi:
919 2647 922 2655 '
1027 2647 1087 2709 305

122 2725 223 2787 llunus
235 2735 264 2786 et
275 2726 414 2802 officium,
427 2724 466 2785 nil
478 2725 606 2787 scribens
617 2730 697 2806 ipse,
711 2726 835 2804 docebo,

122 2810 203 2871 Unde
216 2818 350 2888 parentur
361 2827 450 2888 opes,
464 2810 531 2888 quid
543 2811 598 2872 alat
609 2811 769 2889 formetque
782 2817 904 2887 potitam,
942 2857 961 2893 Ὗ

79 2954 86 2975 ‚
123 2893 197 2967 Quid
208 2894 325 2971 deceat,
347 2893 497 2977 quidpon,
511 2913 568 2973 quo
579 2897 684 2972 virtus,
700 2912 756 2973 quo
766 2895 837 2954 ierat
849 2911 937 2954 error.
987 2861 1028 2940 2·
1055 2932 1058 2940 ι

77 3007 80 3017 =
122 2977 270 3038 Scribeudi
281 2987 361 3038 recte
373 2996 475 3056 sapere
487 2988 533 3038 est
544 2988 573 3040 et
583 2981 750 3058 principium
762 2987 790 3038 et
800 2978 878 3038 lons:
900 3029 908 3046 ,

68 3086 74 3104 ¹
87 3061 252 3144 ·3-Ren1tibi
265 3061 428 3122 Socraticae
442 3071 574 3140 poterunt
585 3063 736 3124 ostendere
751 3063 874 3138 chartae,
975 3055 980 3065 “
1025 3062 1087 3124 310

98 3147 104 3164 ’
121 3145 272 3224 Verbaque
283 3149 424 3223 provisam
435 3165 495 3205 rem
506 3165 563 3207 non
573 3149 658 3206 invita
669 3154 831 3224 sequentur.

122 3227 178 3302 Qui
193 3229 305 3304 didicit,
323 3231 429 3308 patriae
442 3229 509 3308 quid
524 3229 628 3290 debeat
638 3239 666 3290 et
678 3229 744 3308 quid
756 3230 863 3303 amicis,

23 3387 25 3396 Ι
122 3311 187 3386 Quo
200 3315 236 3372 sit
247 3329 342 3372 amore
355 3331 473 3390 parens,
492 3331 549 3394 quo
561 3313 647 3374 frater
658 3311 789 3374 amandus
802 3321 831 3372 et
840 3313 958 3387 hospes,
1026 3390 1028 3396 Υ

178 3401 333 3445 aunarius.
872 3395 902 3450 17
