2526 3986
185 183 249 246 nno
532 181 793 266 urrsnounnnn
1007 187 1162 263 [usuca]

270 335 417 414 Creditur,
436 353 472 395 ex
484 335 577 394 modio
590 335 712 413 quiores
724 339 860 414 arcessit,
876 339 982 398 habere

270 420 387 482 Sudoris
398 421 556 495 minimum,
570 419 620 478 scd
633 419 716 480 habet
728 421 877 482 comoedia
887 431 963 481 tanto
1052 481 1064 501 ,A

187 509 248 572 170
269 503 335 565 Plus
348 505 457 580 onena,
475 512 578 590 quanto
590 505 690 564 veniae
702 507 802 566 minus.
824 505 968 582 Adspice,
989 503 1104 568 Plautus

271 588 336 662 Quo
349 596 432 666 pacto
444 595 539 666 portes
550 595 655 647 tutetur
665 591 781 649 amantis
792 590 906 668 ephebi,

269 673 307 733 Ut
318 673 405 751 patris
416 670 532 747 attenti,
551 671 661 731 lenonis
674 682 703 731 ut
715 673 858 742 insidiosi;

271 756 396 830 Quantus
409 757 444 814 sit
455 755 623 814 Dossennus
635 754 770 816 eduoibns
782 757 809 817 in
822 759 961 836 parasitis,
1025 763 1026 770 ’

271 840 360 914 Quam
370 857 429 900 non
438 838 571 900 adstricto
586 849 730 916 percurrat
740 841 847 918 pulpita
859 857 962 900 socco:

189 929 248 990 175
273 923 366 985 Gestit
377 925 451 984 enirn
462 921 602 983 nummum
613 924 641 981 in
652 922 764 983 loculos
776 924 939 1000 demittere,
957 924 1092 1002 posthoc
1250 943 1251 964 ι

227 1073 231 1083 ,
271 1009 413 1084 Securus,
432 1006 647 1068 cadetanreotn
663 1016 718 1067 stet
731 1008 825 1067 fabula
838 1008 906 1068 talo.
1250 967 1251 1056 l

192 1089 194 1094 ’
272 1092 362 1166 Quem
373 1090 435 1151 tulit
445 1091 480 1151 ed
495 1108 608 1150 scenam
617 1099 738 1151 ventoso
752 1089 846 1152 Gloria
858 1109 950 1169 curru,

269 1174 415 1236 Exanimet
428 1174 521 1236 lentus
535 1183 694 1252 spectator,
715 1175 830 1236 sedulus
846 1175 936 1236 inllat:
1035 1179 1038 1184 ’

234 1307 235 1314 ,
270 1260 319 1320 Sic
331 1259 411 1335 leve,
428 1259 470 1318 sic
482 1275 598 1337 parvum
610 1267 670 1336 est,
691 1261 809 1319 animum
820 1258 896 1338 qnod
907 1257 998 1318 laudis
1009 1275 1124 1320 uvarum
1207 1267 1210 1272 '

188 1350 248 1410 180
270 1343 552 1404 Subruituntrehcit.
575 1341 674 1402 Valeat
682 1361 731 1402 res
744 1342 867 1420 ludicra,
888 1345 969 1402 sime

270 1425 363 1486 Palma
373 1435 474 1506 negata
485 1436 623 1504 macrum,
643 1427 743 1486 donuta
756 1427 866 1487 reducit
876 1429 1009 1504 opimum.

271 1513 365 1589 Saepe
379 1509 462 1571 etiam
473 1510 608 1570 audacem
622 1510 701 1588 lugat
712 1511 767 1571 hoo
781 1519 926 1588 terretque
937 1517 1063 1588 poetam,

272 1593 356 1676 Quod
366 1609 482 1654 numero
494 1591 606 1672 plures,
624 1597 725 1653 virtute
737 1595 885 1655 ethonore
896 1597 1030 1669 minores,

270 1677 380 1738 Indocti
391 1676 542 1756 stolidique
555 1676 756 1756 etdepugnare
769 1681 867 1756 perati,

190 1767 249 1828 185
272 1763 302 1824 Si
315 1760 458 1821 discordet
469 1777 577 1839 eques,
595 1762 687 1821 media
698 1763 770 1822 inter
781 1764 900 1823 carmina
911 1769 1033 1839 poscunt

271 1845 328 1906 Αιιι
338 1864 433 1906 ursum
445 1854 492 1927 aut
504 1845 630 1924 pugiles:
648 1846 691 1905 bis
703 1859 765 1906 nam
777 1842 928 1923 plebecula
941 1843 1058 1924 plaudit.

271 1931 375 1990 Verum
385 1931 488 2008 equitis
500 1929 614 2008 quoqne
625 1931 679 1990 iam
691 1932 820 2008 migravit
830 1931 865 1990 ab
877 1947 944 1989 aure
954 1927 1089 2007 voluptas

273 2013 369 2074 Omnis
381 2013 416 2074 ud
426 2016 551 2074 incertos
566 2011 666 2073 oeulos
680 2023 709 2073 et
721 2013 822 2094 gandia
834 2031 914 2074 vana.

271 2097 409 2171 Quattuor
420 2106 467 2157 ant
479 2097 574 2176 plures
585 2096 684 2176 aulaea
697 2107 859 2176 premuntur
867 2100 896 2158 in
906 2098 1002 2172 hores,
1062 2167 1064 2172 ,

188 2185 249 2247 190
269 2181 343 2242 Dum
354 2181 465 2260 lugiunt
476 2182 603 2260 equitum
614 2190 724 2242 turmae.
734 2181 914 2260 peditumque
927 2188 1074 2252 catervam

270 2265 339 2327 Mox
352 2267 468 2326 trahitur
477 2266 604 2327 manibus
615 2284 713 2343 regum
726 2266 836 2325 fortuna
850 2266 973 2342 retortis,

214 2373 216 2380 ι
271 2349 382 2410 Esseda
393 2351 542 2426 festinant,
561 2349 682 2428 pilenta,
701 2351 854 2428 petorrita,
872 2366 970 2425 nares,

273 2432 421 2512 Captivum
432 2443 558 2513 portatur
569 2434 653 2510 ebur,
670 2436 781 2512 captiva
793 2432 953 2493 Corinthus.

99 2570 106 2592 ,
272 2519 302 2578 Si
315 2518 389 2579 foret
400 2520 428 2578 in
439 2519 537 2593 terris,
552 2515 658 2578 rideret
667 2517 862 2594 Democritus,
879 2514 931 2576 seu

93 2631 112 2648 -·
189 2605 249 2667 195
271 2601 422 2674 Diversum
434 2601 653 2684 oonlnsugenus
667 2599 923 2680 pantheracamelo
944 2669 955 2687 ,

273 2687 341 2746 Sive
353 2685 470 2764 elephas
481 2685 561 2745 albus
575 2686 654 2763 vulgi
669 2695 848 2747 converteret
859 2701 922 2754 oret

272 2771 422 2848 Spectaret
432 2769 569 2848 populum
579 2768 653 2830 ludis
665 2773 796 2831 attentius
807 2769 889 2848 ipsis,

271 2854 307 2914 llt
319 2854 372 2929 sibi
386 2854 567 2932 praebentem
577 2855 660 2913 mimo
673 2853 837 2933 spectacula
848 2853 938 2931 plura,

273 2939 435 3016 Scriptores
444 2947 539 2997 autem
553 2955 667 2997 narrare
679 2948 788 3017 putaret
799 2937 887 2998 asello

189 3026 251 3087 200
272 3021 416 3082 Fabellam
428 3021 524 3082 surdo.
547 3020 618 3081 Nam
630 3040 702 3100 qnae
715 3024 882 3102 pervincere
893 3022 982 3078 uoces
1096 3079 1102 3096 Ι

271 3105 411 3165 Evalnere
424 3122 538 3182 sonum,
555 3106 680 3167 referunt
694 3103 777 3187 quem
788 3114 883 3165 nostra
893 3099 1023 3162 theatra?

274 3187 430 3268 Garganum
441 3191 550 3268 mugire
563 3199 645 3268 putes
657 3207 754 3252 nemus
766 3198 813 3251 aut
823 3205 899 3249 mare
911 3185 1045 3264 Tuscum,
1072 3225 1080 3232 -

274 3270 362 3340 Tanto
375 3291 438 3332 curn
450 3277 569 3351 strepitu
582 3273 640 3335 ludi
654 3285 816 3354 spectantur
826 3283 854 3332 et
865 3281 939 3332 artes
