2536 3986
197 230 259 294 114
497 300 498 304 a
555 230 757 324 ¹morton
842 241 845 256 ’
1001 233 1069 310 [oa.
1082 241 1107 294 1.
1121 235 1160 310 m

203 446 206 458 ,
398 382 507 443 Bellum
518 385 547 442 in
560 389 626 441 tuae
641 399 722 459 spem
734 383 851 459 gratiae,

199 469 238 532 25
344 465 409 527 Non
426 475 455 526 ut
469 467 597 525 iuvencis
609 464 716 544 illigata
730 464 858 543 pluribus

397 549 496 610 Aratra
509 551 629 608 nitantur
639 551 722 624 meis,

348 631 476 693 Penusve
490 629 618 692 Calabris
632 641 696 692 ante
708 631 786 692 sidus
800 630 939 692 fervidum
986 683 991 704 ,

398 715 509 776 Lucana
521 723 611 774 mutet
621 717 746 793 pascuis,

347 795 449 884 Neque
458 807 489 858 ut
502 799 615 876 superni
628 798 695 858 villa
708 798 830 858 caudens
844 797 959 859 Tusculi

401 882 518 943 Circaea
528 890 623 958 tangat
634 883 755 943 moenia.

348 968 421 1026 Satis
433 983 578 1044 superque
589 963 634 1024 me
646 962 804 1042 benignitas
819 975 866 1025 tua

396 1050 514 1110 ltitavtt:
526 1047 598 1108 haud
613 1065 759 1125 paravero,

348 1132 431 1206 Quod
442 1143 489 1193 aut
500 1141 604 1202 avarus
616 1141 645 1190 ut
658 1129 793 1192 Chremes
803 1141 877 1192 terra
891 1149 1028 1211 premam,

397 1217 560 1276 Diseinotus
572 1223 618 1275 aut
630 1215 744 1292 perdam
755 1232 857 1295 nepos.
932 1227 936 1247 ¹

603 1375 756 1386 —n-——u—

564 1483 767 1548 'unuln

453 1597 891 1664 onnutonuurn

345 1717 473 1796 „Beatus
489 1717 538 1776 ille
554 1719 602 1795 qui
613 1719 713 1795 procul
726 1723 859 1798 negotiis,
954 1729 956 1734 '

396 1799 456 1877 „Ut
467 1803 561 1880 prisea
575 1817 647 1878 gens
661 1803 827 1882 mortalium,
899 1790 907 1800 ³

248 1911 254 1932 ·
346 1883 486 1961 „Paterna
499 1903 563 1944 rura
575 1885 667 1945 bobus
679 1897 794 1946 exercet
807 1891 875 1968 suis,

396 1967 534 2044 „Solutus
547 1971 621 2028 omni
633 1971 762 2046 foenore,

347 2050 472 2130 „Neque
485 2052 621 2112 excitatur
633 2053 754 2113 elassieo
766 2056 847 2116 miles
861 2059 944 2134 truci,

323 2143 329 2152 ¹
395 2134 520 2213 „Neque
535 2134 631 2196 horret
642 2139 740 2197 iratum
750 2156 837 2217 mare,

181 2257 187 2265 »
246 2275 252 2286 ¹
344 2217 528 2297 „Fanumque
539 2220 608 2278 vitat
622 2230 650 2279 et
662 2221 784 2299 superbe
796 2225 896 2284 civium

394 2301 722 2379 „Potentiommlimina
902 2366 905 2376 ,

344 2385 445 2464 „Ergo
460 2394 506 2446 aut
518 2385 717 2448 adultavitium
734 2385 891 2467 propagine

395 2469 499 2546 „Altae
510 2472 618 2530 maritat
628 2471 763 2549 populns,
863 2484 867 2492 ’

344 2554 424 2631 „Aut
436 2554 465 2638 in
475 2554 591 2613 reducta
600 2555 675 2615 velie
689 2557 872 2632 mugientium

335 2657 341 2672 t
394 2633 585 2714 „Prospectat
595 2646 719 2698 errantes
731 2657 848 2716 greges,

343 2719 540 2798 „inutilesque
551 2719 626 2780 falce
635 2738 728 2782 ramos
740 2731 885 2800 amputans

394 2801 574 2881 „Feliciores
587 2804 695 2881 inserit,

345 2887 424 2966 „Aut
439 2904 538 2965 pressa
551 2889 627 2964 puris
641 2888 725 2950 mella
740 2888 834 2949 condit
846 2889 1001 2968 amphoris,

395 2969 474 3048 „Aut
487 2969 584 3030 tondet
594 2972 714 3032 infirmas
729 2991 813 3042 oues3

343 3054 419 3133 „Vel
432 3072 494 3114 eum
507 3054 642 3115 decorum
652 3057 764 3117 mitibus
776 3058 867 3135 pomis
881 3065 965 3136 eaput

395 3137 591 3213 „Auetumnus
603 3142 678 3218 agris
694 3141 802 3218 extulit,

344 3219 403 3296 „Ut
413 3221 517 3297 gaudet
532 3225 643 3284 insitiva
654 3221 812 3302 decerpens
823 3240 892 3302 pyra

395 3301 579 3380 „Gertautem
592 3315 623 3367 et
634 3325 716 3368 uvam
728 3325 880 3387 purpurae,
