2526 3986
166 167 264 280 ιιι
461 231 462 234 ¹
515 217 774 282 urusuonnnun
821 185 865 277 “.
957 223 1062 299 [span
1076 207 1133 299 up

190 365 228 437 10
250 373 327 434 Rure
339 389 395 448 ego
406 373 564 447 viventem,
580 380 609 430 tu
621 370 692 430 dicis
704 373 731 430 in
742 371 812 432 urbe
822 372 946 435 beatum:

252 455 304 516 Cui
317 456 410 535 placet
420 455 549 529 alterius,
570 473 620 514 sua
631 456 757 514 nirnirunr
769 458 813 520 est
825 455 890 515 odio
900 472 975 514 sors.

225 545 228 565 ¹
253 539 359 600 Stultus
371 549 489 618 uterque
500 539 594 600 locum
605 540 769 598 immeritum
781 547 910 598 causatur
920 541 1033 618 inique:

251 623 282 683 ln
297 623 379 702 culpa
390 633 434 684 est
444 625 569 698 animus,
586 624 634 700 qui
646 640 679 680 se
690 637 745 681 non
757 623 855 700 effugit
865 641 994 701 unquam.

252 706 293 766 l'u
305 706 487 768 mediastinus
498 708 583 766 tacita
593 723 682 784 prece
692 723 756 765 rura
767 707 896 784 petebas,

102 790 103 801 ¹
180 795 228 853 -15
250 789 331 851 Nunc
345 791 442 851 urbem
454 799 482 850 et
492 788 575 849 ludos
587 798 616 849 et
626 788 725 848 balnea
735 789 847 852 villicus
859 798 954 868 optas;
1001 791 1006 810 “

158 947 161 958 Ι
185 875 202 926 Ι
252 873 298 934 lile
310 883 441 935 constare
451 873 517 933 mihi
529 876 586 932 scis
598 882 627 932 et
638 872 786 932 discedere
797 876 914 949 tristem,
959 891 961 896 ’

253 957 484 1036 Quandocunque
493 957 603 1017 trabunt
613 958 702 1016 invisa
712 959 826 1034 negotia
837 957 964 1017 Romam.

251 1041 315 1102 Non
328 1040 427 1101 eadem
438 1043 581 1110 miramur:
597 1057 632 1099 eo
645 1040 821 1100 disconvenit
831 1043 903 1100 inter
923 1069 926 1078 ‚

253 1126 356 1204 Meque
369 1133 397 1184 et
410 1133 453 1184 te:
469 1143 548 1200 narn,
572 1142 645 1202 quae
657 1123 768 1184 deserta
781 1133 809 1184 ot
819 1125 958 1201 inhospita
970 1132 1072 1202 tesqua

190 1213 230 1271 20
252 1208 367 1286 Credis,
385 1218 716 1269 amoenavooatmeeunr
730 1211 777 1286 qui
789 1211 888 1284 sentit,
908 1216 937 1266 et
948 1208 1008 1266 odit

254 1293 333 1366 Quae
344 1302 374 1352 tu
389 1290 505 1370 pulchra
520 1300 610 1369 putas.
633 1291 737 1352 Fornix
746 1292 797 1351 tibi
807 1301 836 1351 et
848 1299 930 1350 uncta
941 1294 1047 1370 popina

252 1376 478 1436 lucutiunturbis
493 1375 678 1451 desiderium,
694 1376 797 1451 video,
815 1385 843 1434 et
855 1373 930 1453 quod

200 1525 201 1528 Ἴ
253 1460 381 1538 Angulus
392 1459 446 1518 iste
458 1459 530 1518 leret
543 1462 626 1538 piper
637 1467 665 1518 et
675 1460 738 1518 thus
751 1461 831 1518 ocius
844 1477 907 1534 uva,

253 1542 315 1603 Nec
328 1545 421 1603 vicina
433 1543 531 1602 subest
539 1545 632 1602 uinum
645 1544 781 1620 praebere
795 1543 910 1604 taberna

191 1629 229 1689 25
254 1626 334 1700 Quae
346 1629 438 1706 possit
448 1626 512 1702 tibi,
531 1643 586 1702 neo
599 1629 731 1687 meretrix
740 1627 869 1702 tibicina,
886 1627 965 1694 cuius

252 1709 297 1769 Ad
311 1710 457 1788 strepitum
473 1708 556 1770 salias
567 1719 659 1770 terrae
669 1712 779 1788 gravis:
798 1719 928 1770 ettamen
943 1726 1035 1786 urges¹

254 1792 420 1872 Iampridem
432 1810 488 1855 non
498 1801 571 1854 tacta
582 1793 724 1871 ligonibus
736 1813 817 1868 arva,
834 1794 994 1870 bovemque

157 1926 161 1948 ,
253 1878 430 1938 Disiunctum
443 1892 524 1937 cunas
538 1887 566 1936 et
580 1880 684 1938 strictis
697 1877 842 1936 frondibus
855 1875 981 1954 errples;¹

253 1960 339 2020 Addit
350 1977 422 2038 opus
434 1962 516 2039 pigro
527 1963 621 2038 rivus,
639 1963 663 2020 si
676 1960 780 2021 decidit
791 1961 890 2037 irnber,
991 2010 998 2029 ,

192 2047 232 2108 30
254 2043 341 2104 blulta
353 2036 428 2104 rnole
439 2044 583 2104 docendus
594 2047 692 2122 aprico
703 2062 822 2123 parcere
833 2052 923 2122 prato.
974 2083 976 2089 -

254 2127 336 2188 Nunc
347 2145 417 2205 age,
434 2127 501 2205 quid
512 2120 636 2191 nostrum
648 2137 815 2188 concentum
826 2127 945 2202 dividat,
961 2125 1036 2186 audi.

255 2209 345 2285 Quem
361 2220 459 2286 tenues
473 2211 595 2272 decuere
604 2222 691 2290 togae
703 2212 839 2291 nitidique
850 2209 954 2288 capilli,

256 2294 346 2367 Quem
358 2296 415 2354 scis
429 2296 576 2356 immunem
587 2294 705 2356 Cinarae
717 2295 859 2373 placuisse
869 2295 974 2372 rapaci,
1015 2329 1019 2344 ι

255 2378 347 2452 Quem
357 2379 481 2439 bibulum
494 2379 591 2457 liquidi
604 2379 695 2439 media
706 2380 742 2440 de
752 2378 817 2438 luce
827 2378 948 2452 Falerni,

192 2465 233 2526 85
257 2461 354 2523 Coena
368 2463 463 2522 brevis
474 2465 550 2523 iuvat
561 2473 591 2523 et
605 2479 696 2541 prope
708 2464 797 2522 rivum
809 2479 923 2524 somnus
934 2463 961 2520 in
974 2463 1074 2542 herba,
1088 2515 1089 2522 ,

255 2545 318 2607 Neo
328 2546 431 2609 lusisse
443 2547 546 2625 pudet,
565 2547 616 2606 sed
627 2565 683 2606 non
694 2547 817 2606 incidere
834 2545 937 2604 ludum.

255 2629 319 2691 Non
330 2631 394 2690 istic
406 2629 522 2710 obliquo
535 2631 619 2690 oculo
630 2649 692 2690 mea
704 2630 849 2690 commoda
860 2632 1006 2708 quisquam

255 2713 357 2791 limat,
372 2731 429 2774 non
441 2714 507 2775 odio
522 2716 644 2774 obscuro
655 2732 808 2792 morsuque
818 2721 950 2782 venenat;

255 2796 452 2858 Ridentricini
467 2798 566 2877 glebas
578 2808 606 2858 et
617 2817 683 2859 saxa
693 2806 861 2858 moventem.

193 2881 234 2944 40
256 2880 327 2942 Cum
337 2883 428 2942 servis
438 2883 541 2942 urbana
554 2880 638 2942 diaria
649 2880 860 2956 rodene‘mavis

160 2961 171 3012 s
256 2965 361 3026 Horum
372 2967 440 3026 tuin
451 2985 594 3026 numerum
608 2975 675 3026 voto
687 2967 759 3034 ruis;
775 2964 880 3024 invidet
890 2981 970 3022 usum

256 3047 407 3128 Lignorum
419 3057 447 3108 et
459 3052 571 3128 pecoris
581 3051 632 3110 tibi
644 3049 706 3110 calo
718 3058 832 3126 argutus
844 3055 872 3108 et
883 3047 966 3107 horti.

144 3191 147 3196 .
258 3132 342 3210 Optat
357 3133 491 3211 ephippia
498 3135 555 3194 bos
570 3135 670 3212 piger,
689 3141 767 3211 optat
778 3150 857 3192 arare
869 3129 1011 3198 cabellus;

184 3284 187 3295 Ι
260 3215 349 3289 Quam
361 3218 414 3275 soit
427 3226 562 3296 uterque,
582 3218 688 3293 libens,
708 3216 850 3290 censebo,
871 3222 1114 3276 exerceatartem.

579 3379 719 3387 ..Μ
