2556 3990
696 1 832 14 „ww

521 221 735 278 PRAEFATIO„
1066 219 1112 266 XV
1179 269 1181 274 ,

131 355 239 440 daumio
255 389 283 437 et
296 381 460 436 Kirchnerc.
488 381 637 456 rtieineke':
669 380 701 435 Si
712 359 781 435 rere
795 379 909 447 scribet,
932 396 1012 452 quem
1033 394 1114 434 secu-

131 475 173 522 tus
196 472 241 522 est
259 465 361 534 Pauly;
389 470 504 535 uterque
526 464 607 519 etium
628 480 669 518 vs.
686 469 705 521 4
724 470 755 518 at
771 465 838 535 ι’ρείε
855 479 906 535 prc
921 463 962 518 Au
983 465 1057 533 ipsis.
1073 489 1115 504 -·

131 550 199 605 lbid.
213 565 255 604 vs.
269 553 305 606 93
316 563 376 604 cum
389 545 568 602 Stullbuumio
585 554 613 601 et
624 547 738 618 Paulyic
751 547 860 602 restitui
868 549 976 618 periret
986 562 1038 618 pro
1044 560 1111 616 per·

131 635 201 688 isset.
219 659 262 672 -
275 631 344 686 lbid.
361 648 403 686 νε.
419 635 469 689 117
483 646 534 701 pro
549 629 621 684 ende
638 629 784 701 Octoginta,
800 629 874 702 quod
890 629 1015 685 omnibus
1032 628 1111 684 codd.

25 783 29 793 Δ
132 727 184 770 scr.
202 721 230 769 et
244 713 378 770 Prisciani
396 709 455 787 (18,
471 718 496 770 2.
515 713 544 766 Τ.
560 713 594 768 11.
611 730 638 784 p.
656 719 709 772 204
723 710 788 786 Kc)
809 705 967 768 testi'rironio
983 714 1113 778 firmatur,

131 797 257 852 Meineke
273 796 399 851 Horkelii
422 796 608 852 coniecturum
631 796 692 864 udis
712 797 740 852 iu
762 802 920 870 contextum
940 797 1055 868 recepit.
1071 821 1115 834 ·-

132 880 200 934 lbid.
218 883 321 945 νε.,157
336 878 462 934 Meineke
479 895 538 934 cum
549 879 675 935 Bentlcic
691 881 813 951 epaucis
826 896 881 935 non
893 879 1013 950 optimae
1031 884 1114 935 uotae

133 961 277 1019 codicibus
298 953 406 1032 recepit
423 976 582 1030 perecmnc.
598 992 641 1002 -
662 962 732 1018 ibid.
750 980 848 1018 versus
873 967 926 1020 163
945 963 979 1018 cb
996 959 1115 1033 Hauptio

132 1045 210 1100 uncis
232 1043 372 1111 inclusus,
395 1044 561 1100 uMeiuekio
578 1045 605 1100 iu
628 1046 779 1118 marginem
794 1046 935 1118 relegatus
957 1045 1114 1101 defenditur

134 1143 209 1182 more
235 1131 379 1198 poetarum
402 1132 525 1180 veterum
550 1144 615 1186 suos
637 1146 735 1185 versus
761 1130 833 1200 aptis
858 1128 930 1184 locis
959 1127 1112 1201 repetendi.

132 1210 266 1265 Videatur
288 1207 424 1264 Ohberius
446 1209 480 1264 ud
502 1207 595 1266 Horat.
612 1211 698 1282 Epist.
721 1212 753 1282 Ι,
776 1219 808 1281 1,
823 1215 865 1269 56.
887 1211 914 1266 P.
931 1212 952 1266 1.
969 1229 995 1286 p.
1012 1217 1055 1282 73,
1072 1239 1115 1253 -··

132 1293 202 1349 lbid.
220 1307 261 1347 vs.
279 1297 330 1351 192
346 1291 445 1346 retinui
462 1293 625 1364 scripturum
640 1295 804 1367 optimorum
823 1295 924 1363 libbr.‚
945 1296 973 1349 iu
996 1295 1061 1350 edit.
1079 1295 1112 1349 V.

133 1382 289 1447 receptam,
304 1375 436 1430 reducere
448 1373 531 1429 Troia
546 1392 597 1447 pro
613 1379 760 1445 dedecere,
778 1378 852 1449 quod
866 1378 967 1433 hubent
977 1378 1114 1445 Meinckc‚

133 1459 275 1529 Kirchuer
288 1458 323 1514 ul.
338 1486 381 1499 -
406 1457 475 1513 lbid.
493 1475 534 1513 νε.
553 1464 604 1518 246
618 1461 736 1516 adeunt?
757 1461 828 1517 Sani
841 1466 872 1515 ut
884 1467 960 1516 orele
978 1477 993 1515 e
1009 1460 1114 1515 duobus

134 1541 256 1598 Blendiu.
282 1541 400 1612 aliisque
424 1541 505 1596 bouis
523 1542 602 1598 codd.
630 1543 657 1598 in
683 1544 748 1599 edit.
763 1546 797 1599 V.
815 1544 932 1616 scripsi;
960 1543 1008 1600 ulii
1034 1545 1115 1597 sarrin
1209 1559 1214 1572 ¹

133 1631 220 1681 crete.
234 1653 278 1666 -
291 1625 359 1680 lbid.
376 1642 417 1680 νε.
434 1629 485 1684 276
500 1642 542 1696 sq.
561 1642 621 1681 eum
636 1626 816 1683 Stullbeumio
831 1633 895 1698 post
908 1633 1035 1682 scrutare
1051 1626 1114 1680 colo

133 1709 257 1766 distinxi.
295 1709 421 1763 Meineirc
437 1713 465 1762 et
478 1708 563 1778 Pauly
578 1725 593 1764 e
610 1710 768 1767 coniectura
783 1711 892 1789 Frunlrii
908 1712 936 1767 in
948 1711 1036 1766 Fastis
1048 1708 1113 1764 Hor.

133 1811 160 1866 p.
183 1797 235 1850 115
259 1791 416 1864 ediderunt:
447 1798 574 1847 scrutare
594 1794 688 1859 mode,
714 1797 742 1848 in
763 1809 842 1865 quem
861 1793 978 1848 Hellade
1000 1801 1053 1850 etc.
1073 1820 1116 1833 -

132 1875 202 1932 lbid.
219 1891 262 1930 vs.
275 1879 326 1933 283
342 1875 453 1931 servari
468 1876 632 1948 scripturum
647 1877 727 1933 codd.
735 1878 858 1933 Blandis.
875 1876 1047 1950 aliorumque
1063 1893 1114 1948 pro

68 1950 70 1960 '
133 1958 278 2026 Quiddam.
313 1957 372 2014 Sed
386 1959 458 2013 haud
475 1959 534 2014 scio
551 1977 585 2015 un
601 1953 822 2032 distinguendum
837 1959 887 2014 sit:
909 1977 1007 2026 unum,
1025 1959 1115 2026 Quid?

133 2047 189 2098 tam
204 2046 353 2114 magnum?
373 2041 477 2096 addens
491 2037 578 2113 (mich
593 2043 720 2113 einrigen
730 2072 773 2084 -
783 2036 859 2098 wie?
877 2043 914 2097 ist
931 2044 1001 2098 deun
1017 2043 1066 2098 des
1082 2058 1114 2097 so

91 2132 100 2144 “
134 2141 193 2180 was
209 2117 346 2196 grossos?
367 2123 448 2181 setut'
464 2141 495 2179 er
510 2127 591 2180 hinuu
603 2126 726 2180 ——uuich
745 2128 874 2197 cincigeu
890 2126 1038 2182 entreisset
1055 2126 1115 2181 dem

136 2204 235 2281 Tude).
248 2236 291 2251 -··
310 2209 367 2264 Sat.
383 2212 416 2276 4,
431 2213 465 2265 13
481 2209 643 2280 scripturam
661 2211 779 2265 omnium
793 2211 927 2266 librorum
942 2209 1004 2262 alba
1019 2226 1034 2262 e
1049 2209 1114 2264 leh-

134 2293 181 2346 nio
203 2293 342 2349 reductum
360 2291 462 2346 retinui
483 2308 534 2365 pro
549 2293 666 2348 Bentleii
689 2294 848 2366 coniectura
864 2293 948 2354 elma.
975 2292 1009 2346 ab
1028 2291 1114 2346 omni·
1231 2293 1235 2302 '

133 2377 185 2430 bus
202 2375 263 2431 fere
283 2382 404 2447 recepte.
421 2403 463 2416 -·
489 2375 558 2430 ibid.
577 2393 617 2431 νε.
632 2379 666 2434 37
682 2393 742 2432 cum
758 2377 838 2432 codd.
854 2374 978 2430 Blandis.
996 2373 1115 2447 aliisque

135 2459 247 2529 optimis
262 2460 291 2515 in
306 2459 371 2515 edit.
384 2460 417 2512 V.
431 2458 540 2513 restitui
555 2473 685 2514 everrere
695 2476 747 2531 pro
762 2459 836 2528 vulg.
853 2463 1033 2513 evertere-
1044 2458 1112 2514 lbid.

135 2558 176 2596 νε.
191 2546 225 2600 61
241 2559 312 2599 nuuc
328 2541 429 2614 scripsi
444 2544 586 2597 immersus
596 2559 647 2614 pro
662 2543 690 2597 in
701 2556 818 2597 merses.
832 2569 875 2581 -
892 2540 948 2596 Sat.
961 2548 989 2611 5,
1004 2545 1039 2600 90
1054 2558 1114 2596 cum

135 2625 216 2680 codd.
233 2627 357 2682 Blandis.
381 2625 499 2697 aliisque
517 2627 626 2697 optimis
647 2625 756 2690 restitui
773 2625 846 2680 ultra
866 2640 917 2696 pro
933 2625 1016 2695 ultro,
1040 2624 1114 2695 quod

135 2707 272 2764 Kirehner
287 2709 417 2766 servavit.
433 2737 475 2750 -
490 2709 560 2765 lbid.
574 2727 614 2766 vs.
628 2713 679 2769 104
692 2709 873 2764 illacrimare:
891 2713 930 2763 cst
943 2705 977 2782 (i.
991 2725 1015 2764 e.
1031 2703 1114 2780 licet)

135 2791 270 2846 librorum
287 2793 405 2848 omniurn
428 2799 456 2848 ct
475 2792 562 2848 schol.
578 2793 698 2848 Acronis
718 2792 882 2848 auctoritate
906 2791 982 2847 nisus
1000 2789 1111 2847 retinui.

135 2873 278 2945 muncke,
300 2876 389 2947 Haupt
416 2881 443 2930 et
466 2875 601 2932 Kirchner
626 2874 830 2932 el‘ruedicovii
851 2873 1023 2938 coniectura:
1052 2874 1114 2928 illa·

137 2959 233 3012 crime
257 2973 273 3012 e
286 2973 318 3014 re
332 2965 379 3014 est.
396 2988 439 3000 -
465 2959 521 3014 Set.
538 2963 623 3028 6,,48
644 2974 724 3014 nunc·
736 2957 817 3013 colon
832 2964 895 3030 post
909 2957 1033 3015 Invidiae
1048 2955 1113 3011 sub-

137 3039 220 3098 latum
233 3043 314 3112 posui
328 3047 392 3114 post
406 3049 507 3098 noster.
519 3071 560 3080 —-
577 3043 646 3098 ibid.
665 3058 705 3097 νε.
725 3046 775 3100 109
788 3041 890 3097 retinui
907 3041 1039 3096 librorum
1054 3040 1113 3094 lere

139 3123 256 3180 omnium
271 3131 299 3180 et
315 3126 523 3182 scholiusturum
543 3126 706 3198 scripturum
721 3125 929 3194 praelambens,
954 3140 1006 3196 prc
1027 3138 1113 3194 quoe
1133 3129 1136 3138 '

140 3212 256 3274 quatuor
272 3208 414 3264 codicibus
427 3197 545 3278 eisiguue
562 3209 732 3266 auctoritatis
744 3208 895 3264 Bentleium
907 3213 1016 3264 secutus
1028 3219 1113 3276 prce·
1217 3243 1218 3248 1

139 3287 226 3344 libans
247 3286 333 3346 edidit
352 3292 495 3348 Kirchuer.
510 3322 553 3334 -
577 3293 633 3349 Set.
651 3295 683 3361 8,
697 3295 723 3348 d
742 3308 803 3347 cum
821 3291 902 3347 libris
923 3289 1064 3362 plerisque
1086 3292 1115 3341 et

140 3371 250 3442 optimis
262 3374 422 3445 scripturam
437 3375 489 3432 Dic
499 3392 550 3448 pro
561 3376 605 3432 lla
616 3376 669 3430 ium
681 3376 745 3432 edit.
758 3375 791 3430 V.
805 3379 944 3446 receptum
955 3372 1064 3429 retinui.
1072 3400 1114 3482 -ῖ
