2556 3990
113 265 181 334 [οᾱ.
191 263 237 323 34.
251 265 306 333 35]
528 255 640 318 LIBER
653 255 676 318 Ι.

270 411 369 491 Cogor
380 410 512 482 relictos:
524 427 645 489 nomque
656 409 813 489 Diespiter,

269 495 331 575 lgni
346 511 469 555 corusco
483 494 579 554 nubila
594 493 722 553 dividens

321 579 500 658 Plerumque,
518 595 571 656 per
590 596 689 655 purum
700 586 829 636 tonantes
928 637 930 648 A

370 661 442 741 Egit
459 679 550 740 equos
561 661 764 740 volucremque
778 677 898 736 currum,
995 662 1000 670 ’

272 787 335 862 Quo
346 787 427 847 bruta
438 785 523 848 tellus
538 793 567 846 et
576 803 649 863 vago
661 785 782 862 flumina,

271 871 336 946 Quo
349 871 420 948 Styx
432 879 461 930 et
473 872 555 932 invisi
565 869 681 930 horrida
692 867 809 930 Taenari

324 955 414 1015 Sedes
426 953 707 1032 Atlanteusquepfinis

379 1037 556 1100 Concutitur.
581 1036 666 1096 Valet
677 1037 731 1096 irus
745 1037 858 1096 summis

271 1162 390 1239 Mutare,
404 1171 433 1223 et
443 1164 583 1241 insignem
594 1169 718 1222 attenuat
731 1159 812 1236 deus,

273 1247 401 1308 Obscura
413 1263 559 1325 promens;
573 1246 638 1306 hinc
650 1246 760 1322 apicem
771 1260 859 1321 rapax

324 1331 447 1392 Fortuna
460 1329 522 1390 omn
535 1329 656 1390 stridore
670 1335 754 1388 acuto

362 1459 366 1468 .
379 1413 507 1491 Sustulit,
520 1415 566 1474 hic
579 1416 712 1492 posuisse
724 1410 838 1489 gaudet.

483 1739 737 1797 onflmv.
849 1749 860 1770 ⁰

427 1849 483 1900 Ao
510 1845 787 1900 FORTUNAM.

200 2000 202 2012 ι
277 1961 387 2037 0diva,
404 1967 513 2038 matum
526 1976 599 2038 quae
614 1960 693 2036 regis
707 1957 829 2034 Antium,

277 2044 415 2109 Praesens
429 2043 477 2103 vel
488 2045 544 2103 imo
556 2041 658 2101 tollere
671 2040 706 2100 de
718 2041 805 2120 gradu

330 2126 449 2189 Mortale
466 2143 570 2203 corpus
580 2124 627 2183 vel
639 2127 780 2202 superbos

294 2217 300 2224 '
382 2211 502 2270 Vertere
515 2208 661 2268 funeribus
673 2210 840 2287 triumphos,
973 2231 976 2240 ·

280 2337 321 2398 Te
333 2353 443 2416 pauper
453 2333 539 2394 ambit
550 2332 673 2394 sollicito
684 2351 772 2412 prece

278 2423 363 2484 Ruris
376 2420 506 2494 colonus,
526 2427 555 2478 te
567 2417 705 2478 dominam
717 2418 861 2495 aequoris,

332 2506 502 2584 Quicunque
514 2501 633 2578 Bithyna
644 2501 762 2562 lacessit

386 2587 568 2666 Carpathium
579 2585 699 2664 pelagus
711 2586 813 2647 carino.

283 2713 324 2774 Te
337 2712 433 2774 Dacus
448 2729 543 2791 asper,
558 2720 587 2773 te
598 2710 712 2790 profugi
727 2710 860 2787 Scythae,

283 2797 433 2876 Urbesque
443 2806 603 2876 gentesque
619 2804 648 2855 et
657 2794 764 2854 Latium
775 2794 867 2870 ieron,

336 2882 505 2962 Regumque
516 2890 620 2941 matres
632 2879 814 2940 barbarorum
825 2887 854 2939 et

390 2964 793 3044 Purpurei'rnetuuuttyruuui‚

287 3092 427 3154 iniurioso
439 3110 476 3152 ne
491 3091 565 3170 pede
576 3107 695 3169 proruas

288 3177 412 3238 Stantem
427 3173 592 3251 columnam,
605 3191 661 3233 neu
674 3170 797 3250 populus
809 3171 941 3251 frequens

203 3261 208 3268 '
341 3260 386 3322 Ad
401 3278 486 3338 orma,
502 3267 648 3320 cessantes
660 3255 695 3316 ad
704 3273 780 3316 arnna

396 3340 869 3420 Concitetirnperiunrqueirangnt.
