2526 3986
190 249 250 320 ιιι
560 253 778 320 sarranaun
1031 263 1144 340 [sna]

268 410 543 486 pinemacorum,
557 410 651 488 inopis
666 429 711 470 me
725 411 859 490 quodque
872 412 967 490 pusilli

267 493 525 568 Finxeruntanimi,
538 510 600 553 raro
616 503 644 554 et
656 511 799 573 perpauca
810 495 968 574 loquentis;

267 577 305 638 At
314 586 344 638 tu
356 577 505 637 uonelusas
516 577 630 637 bireidis
647 577 762 640 follibus
777 597 858 639 auras

206 663 247 725 20
266 660 364 740 Usque
375 661 552 738 laborantes,
567 660 631 721 dum
642 661 745 722 ferrum
756 662 862 723 molliat
872 664 957 741 iguis,

266 743 303 805 Ut
313 747 416 823 maris,
433 744 551 804 imitare.
574 743 676 806 Beatus
688 743 809 807 Fannius
825 745 899 807 ultro

264 827 374 889 Delatis
387 831 481 907 capsis
494 837 523 888 et
533 830 672 907 imagine,
693 849 757 890 eum
766 849 828 890 mea
841 847 924 890 nemo

265 912 377 991 Scripta
387 911 481 991 legat,
493 911 580 990 vulgo
590 917 711 974 recitare
721 916 842 974 timentis
854 914 891 974 ob
902 915 973 974 haue
984 933 1055 993 rem,

266 994 350 1080 Quod
364 1005 427 1056 sunt
448 1012 521 1075 quos
542 997 823 1074 genusboemiuime
844 1000 934 1074 iuvat,
958 1007 1087 1076 utpote

843 1081 938 1159 plures

204 1162 242 1226 25
265 1160 379 1243 Culpari
391 1163 503 1243 dignas.
527 1163 662 1238 Quemvis
677 1163 768 1224 medua
777 1165 984 1244 elugeturba,

197 1296 199 1302 ,
263 1246 319 1308 Aut
334 1248 371 1308 ob
383 1251 523 1310 avarrnam
534 1257 581 1310 aut
591 1264 692 1310 misera
703 1249 854 1308 ambitione
865 1248 980 1310 laborat

177 1331 179 1336 ’
262 1329 315 1392 Hie
329 1342 474 1411 nuptarum
486 1335 587 1393 insanit
597 1333 754 1409 amoribus,
766 1333 813 1392 bie
824 1349 987 1411 puerorum

261 1414 341 1477 Hune
353 1418 428 1496 capit
440 1418 548 1496 argenti
561 1416 711 1494 splendor;
725 1425 821 1495 stupet
830 1415 929 1476 Albius
940 1435 1020 1486 aere;

261 1498 314 1559 iiie
325 1503 411 1560 mutat
421 1518 531 1562 merces
543 1509 677 1578 surgente
688 1519 704 1560 a
715 1499 778 1560 sole
791 1501 915 1576 adeum,
929 1517 985 1578 quo

198 1579 240 1640 30
259 1581 428 1661 Vespertina
439 1593 518 1661 tepet
528 1587 624 1662 regim
643 1585 710 1662 quin
721 1601 774 1662 per
787 1584 858 1644 mala
869 1600 1009 1662 praeceps

259 1663 375 1744 Fertur,
391 1670 431 1727 uti
443 1667 536 1745 pulvis
547 1668 686 1727 eolleetus
695 1668 815 1744 turbiue,
828 1685 864 1727 ne
877 1667 943 1746 quid

259 1751 370 1811 Summa
382 1749 522 1829 deperdat
528 1760 671 1828 metuens
687 1760 734 1811 aut
746 1752 860 1829 ampliet
874 1761 903 1810 ιιι
914 1769 983 1811 rena.

259 1833 363 1894 Omnes
375 1835 403 1893 bi
415 1844 539 1896 metuunt
550 1853 665 1911 uersus,
681 1834 767 1894 odere
780 1842 891 1914 poetas,

256 1915 820 2019 §Faenumhabetineernmipngeiuge:
832 1919 1075 1980 dummodorisum

192 2002 233 2063 35
255 1996 389 2062 Excutiat
399 2003 470 2079 sibi,
489 2018 544 2062 non
555 2003 602 2062 bie
617 2007 747 2082 cuiquam
757 2011 854 2081 parcet
868 2005 970 2081 amieo,

254 2086 291 2146 Et
302 2085 491 2165 quodeunque
504 2087 592 2146 semel
606 2089 709 2148 chamis
720 2087 857 2164 illeverit,
871 2104 968 2170 ornnes

254 2169 363 2231 (iestiet
379 2187 394 2228 a
406 2169 487 2230 furno
498 2171 649 2232 redeuntes
661 2174 737 2232 seire
748 2132 869 2250 lacuqu’e
931 2213 934 2220 -

180 2281 181 2284 “
252 2253 289 2314 iit
300 2270 405 2333 pueros
417 2263 446 2315 et
456 2272 535 2339 anus.
555 2260 576 2326 9
585 2255 724 2333 Agedum,
738 2272 828 2334 panea
840 2258 939 2334 aeeipe
951 2263 1057 2315 eontra.

251 2337 371 2399 Primum
382 2356 437 2416 ego
449 2333 495 2398 n'1e
505 2338 627 2418 illorum,
640 2339 765 2400 dederim
777 2341 879 2418 quibus
889 2357 954 2400 esse
966 2345 1080 2418 poetas,

189 2419 231 2483 40
250 2421 407 2500 Exaerpam
418 2441 549 2483 numeru:
560 2441 654 2502 neque
667 2425 740 2484 enim
751 2422 921 2483 concludere
931 2427 1045 2483 verdum

249 2506 368 2566 Dixeris·
377 2523 442 2566 esse
457 2505 539 2576 salim
556 2526 667 2587 neque,
683 2509 708 2566 si
721 2510 784 2585 quis
796 2507 923 2584 scribat,
928 2509 967 2566 uti
979 2524 1041 2583 uos,

250 2590 378 2650 Sermoni
390 2593 538 2668 propiora,
556 2601 639 2670 putes
650 2591 723 2652 hune
735 2609 802 2650 esse
815 2597 939 2669 poetam.

247 2673 393 2752 ingenium
406 2676 451 2733 eui
468 2676 519 2750 sit,
533 2677 579 2734 eui
590 2693 668 2736 mens
680 2675 800 2735 divinior
810 2684 895 2752 atque
906 2691 940 2736 os

247 2753 348 2836 Magna
363 2767 538 2836 sanaturum,
555 2758 606 2817 des
616 2760 735 2818 nominis
746 2760 828 2818 buius
843 2759 991 2818 bonorem.

185 2839 225 2904 45
246 2838 357 2901 ideireo
369 2841 496 2920 quidam,
514 2803 661 2902 ebnoedia
676 2860 767 2902 nenne
778 2849 881 2941 poema

245 2924 346 3002 Esset,
366 2927 550 3004 quaesivere,
564 2918 640 3004 quud
650 2943 716 2986 aeer
714 2927 844 3030 spiritus
855 2944 889 2986 au
899 2927 943 2986 ris

245 3007 307 3068 Nee
318 3011 413 3088 perbis
425 3027 479 3069 nee
491 3011 597 3090 rebus'
588 3019 678 3088 mest,
695 3013 749 3071 uisu
743 3008 839 3088 quud
850 3009 924 3088 pede
938 3003 1017 3070 e'erto

243 3091 345 3152 ildiart
356 3110 495 3171 sennonr
509 3109 602 3154 sermo
614 3112 717 3155 merus
739 3093 806 3164 §At
817 3102 898 3171 pater
908 3093 1009 3155 ardeus

126 3194 129 3199 ·
244 3176 442 3256 Saemt,quod
452 3179 601 3238 meretrree
612 3195 704 3257 nepos
714 3181 827 3239 insanus
838 3195 928 3238 amaea

68 3283 71 3290 ’
182 3262 222 3324 50
241 3259 330 3320 Filius
343 3277 458 3320 uxorem
468 3260 567 3338 grandi
579 3279 641 3321 eum
654 3262 720 3322 dote
734 3268 859 3337 recuset,

241 3343 344 3404 Ebrius
355 3352 384 3404 et
395 3371 406 3390 ·
417 3361 547 3421 maguum
561 3345 636 3423 quud
648 3346 772 3406 dedeuua
783 3375 794 3388 ·
806 3344 929 3406 ambulet
942 3355 1007 3406 ante
