2526 3986
168 203 231 266 noc
522 197 783 289 urrsnomnom
936 197 1039 273 [span.
1060 209 1075 258 ι
1097 205 1142 281 sn

190 359 230 424 95
253 356 387 432 Occurri,
409 353 500 421 sidem
512 353 537 412 si
550 352 624 412 forte
636 351 771 412 subucula
783 369 875 430 pexae

252 439 329 499 'lrita
339 439 438 499 subest
449 439 578 514 tunicae,
593 435 639 495 vel
651 438 675 496 si
687 445 753 514 toga
766 435 883 496 dissidet
892 437 991 513 imper,

252 522 354 583 Rides:
368 557 405 568 -
418 521 500 600 quid,
516 539 579 581 mea
591 537 653 580 cum
666 528 771 597 pugnat
783 521 919 580 sententia
928 538 1040 598 secum,

211 639 214 644 ·
253 605 337 681 Quod
348 607 429 685 petiit
441 607 564 683 spernit,
579 605 682 682 repetit
693 603 770 682 quod
780 620 871 681 nuper
887 606 989 680 omisit,

76 757 79 767 ἡ
251 690 369 750 Aestuat
380 699 409 750 et
420 691 496 749 vitus
508 688 685 748 disconvenit
696 686 794 751 ordine
805 696 877 762 toto,

170 776 229 836 100
251 770 358 850 Βῐτιιῖῐ,
372 771 517 848 acdificat,
532 779 618 852 mutat
631 770 763 849 quadrata
774 767 921 832 rotundis?

250 856 376 919 lnsanire
387 865 469 935 putus
479 854 627 915 sollemnia
639 874 686 914 me
698 873 791 934 neque
803 855 893 931 rides,

250 941 313 1002 Nee
324 940 426 1000 medici
439 939 532 1000 credis
547 956 601 1000 nec
614 941 750 999 curatoris
762 957 850 1018 egere

249 1025 417 1104 Apraetore
427 1023 498 1101 doti,
510 1039 605 1084 rerum
614 1020 700 1082 tutele
711 1039 834 1084 mearam

251 1107 321 1172 unm
333 1110 372 1168 sis
385 1116 413 1167 et
428 1124 514 1186 pravo
526 1114 633 1166 sectum
647 1107 830 1167 stomacheris
843 1107 880 1166 ob
891 1124 1014 1182 unguem
1102 1119 1106 1127 ’

169 1199 226 1260 105
249 1192 294 1252 De
308 1201 336 1252 te
348 1189 511 1271 pendentis,
525 1199 554 1250 tc
565 1191 746 1269 respicientis
757 1192 848 1250 amici⁸

248 1276 293 1337 ild
304 1293 455 1336 summam:
471 1277 584 1352 sapiens
597 1275 754 1346 unominor
765 1281 809 1334 est
821 1273 906 1351 love,
920 1274 1012 1350 dives,

248 1359 346 1437 Liber,
359 1359 527 1436 honoratus,
541 1355 676 1436 pulcher,
690 1376 740 1417 rex
751 1357 872 1436 denique
883 1375 991 1436 regum,

248 1442 404 1521 Praecipue
416 1460 517 1518 sanus,
532 1442 586 1502 nlsi
599 1458 662 1500 cum
677 1443 775 1518 pituita
786 1441 905 1502 molesta
917 1449 971 1500 est.

695 1643 699 1652 ι

575 1655 715 1664 *—

480 1801 725 1860 nrlswolm
743 1802 795 1857 11.

414 1913 425 1920 ⁵
457 1909 521 1962 AD
556 1909 831 1965 LOLlslUlll.
938 1928 941 1940 ¹

246 2029 358 2092 Troiani
372 2028 439 2090 belli
451 2031 635 2108 scriptorem,
653 2032 771 2090 maximo
783 2027 867 2105 Lolli,

245 2114 318 2174 Dum
329 2123 358 2173 tu
370 2113 510 2175 declamas
522 2113 645 2190 Romae,
657 2112 809 2174 l'racnostc
820 2115 922 2192 relegi,

247 2197 312 2273 Qui,
327 2197 393 2276 quid
405 2199 441 2256 sit
452 2196 608 2274 pulchrum,
626 2197 692 2276 quid
703 2206 795 2275 turpe,
809 2199 876 2277 quid
887 2197 965 2276 utile,
979 2201 1048 2278 quid
1059 2221 1128 2282 non,

245 2280 356 2341 Planius
368 2297 401 2340 sc
414 2280 514 2340 melius
527 2279 689 2360 Chrysippo
702 2290 730 2340 et
741 2279 878 2342 Crantore
890 2281 966 2342 dicit.

204 2368 221 2430 5
245 2363 303 2426 Gur
313 2367 350 2425 ita
362 2363 547 2440 crediderim,
564 2361 618 2424 nisi
630 2364 697 2444 qnid
707 2374 736 2425 te
748 2365 869 2443 detinet,
882 2365 955 2437 audi.

243 2447 364 2526 Fabula,
379 2466 434 2527 qua
449 2447 555 2508 Paridis
569 2459 688 2528 propter
697 2448 822 2513 narratur
836 2465 959 2511 amorem

141 2566 145 2580 ·
245 2531 363 2592 Graecia
377 2532 521 2592 barbariae
533 2531 609 2592 lento
622 2533 721 2594 collisa
732 2531 838 2610 duello,

244 2615 395 2676 Stultorum
407 2633 506 2694 regum
518 2625 547 2675 et
558 2617 727 2695 populorum
739 2619 863 2678 continet
877 2626 982 2678 aestus.

243 2699 370 2759 Antenor
384 2707 482 2758 censet
490 2699 561 2771 delli
572 2700 737 2778 praecidere
749 2717 876 2762 causam:

181 2782 221 2844 10
244 2782 319 2857 Quid
329 2779 427 2844 Puris?
441 2791 470 2842 ut
482 2783 576 2844 salvus
588 2793 689 2862 regnet
698 2786 831 2863 vivatque
841 2787 952 2861 boatus,

243 2865 317 2945 Cogi
332 2883 420 2945 posse
431 2876 525 2945 negat.
547 2865 653 2927 Nestor
666 2883 839 2946 componere
850 2869 915 2929 lites

243 2949 444 3010 Inter-Peliden
458 2950 571 3010 lestinat
583 2959 611 3010 et
622 2951 693 3012 inter
703 2951 834 3012 Atriden:

242 3033 322 3094 Hunc
336 3049 431 3110 amor,
444 3035 483 3094 ire
496 3033 608 3113 quidem
622 3037 804 3096 communiter
815 3039 869 3095 urit
881 3045 1039 3115 utrumqne.

244 3117 385 3196 Quidquid
398 3117 515 3178 delirent
525 3137 624 3197 reges,
639 3117 798 3198 plectuntur
807 3119 918 3180 Achivi.

184 3203 219 3262 15
240 3201 401 3278 Seditione,
415 3201 503 3279 dolis,
521 3202 631 3262 scelere
644 3213 727 3282 atque
738 3202 854 3265 libidine
866 3213 895 3264 et
906 3207 947 3263 ira

241 3283 345 3344 lliacos
353 3287 427 3344 intre
437 3303 531 3345 muros
545 3296 679 3364 peccatur
689 3296 717 3347 et
729 3295 816 3347 extra.
