2526 3986
118 165 217 240 [uper.
233 161 271 237 u]
526 135 636 218 mem
656 157 680 218 1.
1021 155 1086 219 215·

116 311 514 389 Praeconem„tenui·censu‚
532 311 593 368 sine
605 312 734 386 crimine,
751 319 847 374 uotum
946 376 950 386 ,

116 397 153 460 llt
164 413 318 476 properare
330 393 397 454 luco
410 403 439 453 et
450 411 582 469 cessare,
599 403 627 453 et
639 413 776 472 quaerere
788 405 816 455 et
827 397 878 472 uti,
970 419 980 437 ,

118 476 291 544 Gaudentem
302 481 455 556 parvisque
467 475 611 536 sodalibus
623 487 652 536 et
664 477 722 538 lare
735 488 813 538 certo
846 538 851 551 f

116 565 153 628 Et
163 564 236 626 ludis
250 571 358 643 etpost
370 562 467 621 decisa
477 561 593 638 negotia
603 559 720 641 Campo.

118 651 194 710 rsit.
208 649 333 726 „Scitari
345 645 416 707 libet
428 663 466 704 err
475 647 539 722 ipso
551 645 740 724 quodcunque
751 646 858 709 refers:
879 645 926 708 dic
1042 649 1084 710 60
1099 676 1104 682 ’

117 732 185 812 „lm
197 749 315 792 coenam
324 731 452 800 venisti‘
484 727 546 788 Non
559 747 627 788 sane
639 729 756 790 credere
768 729 861 807 liena,

116 817 210 878 lllirari
222 833 319 876 seeum
329 816 440 894 tacitus.
473 811 547 886 Quid
558 810 665 873 multa?
687 811 862 892 „Benigne“
1060 884 1064 892 ‚

116 899 292 979 Respondet.
315 897 390 960 Phil.
414 895 531 975 „Negat
542 895 591 957 ille
602 893 688 957 mihi?
713 897 803 958 Seru.
821 896 938 975 „Negat
948 897 997 957 im·

562 989 564 996 ‘
724 982 847 1059 probus,
868 989 897 1041 et
910 990 938 1040 te

52 1083 58 1091 ·
118 1067 268 1146 „Negligit
280 1075 327 1127 aut
337 1067 469 1128 horret.“
491 1065 632 1125 Vulteium
644 1083 724 1124 mane
735 1064 881 1144 Philippus

116 1153 190 1212 Vilia
200 1150 368 1211 vendentem
379 1150 503 1211 tunicato
515 1157 609 1226 scruta
621 1148 737 1227 popello
1041 1149 1080 1211 65

119 1235 261 1315 Occupat,
277 1244 307 1295 et
318 1235 428 1294 salvere
440 1235 518 1294 iubet
528 1235 619 1311 prium
635 1232 682 1292 ille
698 1233 829 1312 Philippo
890 1241 900 1288 ⁴.

116 1320 260 1380 Excusare
272 1318 398 1379 lahorem
409 1327 438 1378 et
448 1319 620 1378 mercenaria
629 1316 731 1393 vincla,
778 1333 781 1352 ·

117 1402 200 1476 Quod
212 1420 268 1464 non
279 1421 359 1463 mane
371 1402 483 1463 domum
494 1403 635 1478 venisset,
648 1399 772 1479 denique
784 1400 860 1480 quod
870 1416 927 1462 non

115 1486 289 1547 Providisset
299 1505 372 1546 eum.
396 1485 471 1546 Pluil.
484 1486 557 1563 „Sic
567 1486 714 1563 ignovisse
726 1494 822 1563 putato

117 1569 187 1649 „ille
198 1572 265 1647 tibi,
279 1572 304 1631 si
317 1587 422 1631 coenas
433 1570 518 1633 hodie
529 1570 674 1630 mecum.“
697 1567 777 1630 Men.
790 1568 850 1646 „Ut
860 1567 965 1628 libet.“
1042 1569 1083 1630 70

720 1652 796 1714 Phil.
810 1651 911 1730 „Ergo

116 1737 208 1814 „Post
218 1755 319 1800 nouum
330 1740 446 1810 venies3
461 1756 535 1798 nunc
546 1741 571 1814 i,
584 1757 644 1798 rem
656 1747 786 1799 strenuus
798 1755 871 1815 auge
881 1737 912 1795 l‘

117 1821 153 1882 Ut
162 1830 276 1882 ventum
288 1823 322 1884 ad
335 1839 452 1884 coenam
464 1830 525 1898 est,
543 1821 661 1882 dicenda
671 1821 790 1882 tacenda
801 1821 911 1882 loeutus
963 1825 973 1840 '

116 1904 239 1966 Tandem
250 1906 397 1966 dormitum
409 1904 562 1965 dimittitur.
585 1903 639 1966 Hic
649 1906 697 1965 ubi
709 1923 798 1984 saepe

50 2024 66 2038 -
117 1986 265 2049 Occultum
276 1989 354 2048 risus
369 1989 521 2049 decurrere
533 1990 622 2066 piscis
633 1989 667 2050 ad
678 1990 798 2065 hamum,

114 2071 198 2133 llane
210 2072 300 2146 cliens
312 2082 340 2132 et
351 2075 405 2132 iam
417 2081 511 2133 certus
523 2074 657 2150 conviva,
670 2074 782 2133 iubetur

115 2157 191 2217 Rura
202 2155 360 2217 suburbana
371 2154 482 2215 indictis
495 2173 590 2216 comes
604 2159 645 2217 ire
659 2155 779 2217 latinis:

114 2240 268 2319 Impositus
279 2242 385 2300 mannis
397 2257 493 2300 arvum
505 2240 673 2322 coelumque
685 2241 817 2301 Sabinum

114 2324 179 2384 Nou
195 2334 290 2385 cessat
300 2324 424 2384 laudare.
446 2323 531 2384 Videt
543 2323 672 2403 ridetque
684 2324 841 2402 Phiiippus,

114 2407 151 2469 Et
162 2409 216 2468 sibi
232 2409 296 2468 dum
307 2409 450 2488 requiem,
472 2407 536 2467 dum
547 2411 621 2469 risus
633 2408 756 2487 undique
768 2408 889 2486 quaerit,

114 2492 188 2552 Dum
200 2501 309 2571 septem
322 2492 405 2553 donat
415 2495 561 2571 sestertia,
580 2500 673 2553 mutua
686 2500 805 2570 septem
847 2491 852 2502 '

114 2575 269 2654 Promittit‚
290 2575 444 2655 persuadet
456 2578 495 2636 uti
506 2585 647 2636 mercetur
657 2574 789 2654 agellum.

114 2658 264 2722 lllercatur.
287 2659 332 2721 Ne
342 2669 376 2735 ¹te
388 2660 483 2738 longis
494 2661 659 2738 ambagibus
675 2659 746 2720 ultra

116 2743 206 2816 Quam
217 2746 286 2805 satis
302 2753 346 2804 est
357 2760 465 2805 morer:
478 2763 515 2806 ex
525 2744 612 2805 nitido
625 2745 655 2805 iit
664 2746 804 2822 rusticus,
821 2752 906 2822 atque

116 2827 220 2888 sulcos
235 2837 264 2889 et
274 2821 368 2890 videta
381 2836 479 2908 crepat
489 2846 582 2906 mera,
603 2838 752 2908 praeparat
763 2828 866 2906 ulmos,

113 2909 273 2973 Immeritur
286 2913 386 2973 studiis
399 2922 428 2973 et
438 2929 533 2974 amore
545 2916 669 2974 senescit
680 2912 811 2973 habendi.

112 2993 218 3056 Verum
228 2997 276 3057 ubi
288 3012 358 3057 oves
368 2997 459 3076 furto,
475 2997 574 3058 morbo
587 2999 698 3076 periere
710 2997 850 3075 capellae,

114 3077 203 3157 Spem
213 3083 327 3142 mentita
341 3098 444 3159 seges,
462 3081 515 3142 bus
527 3090 571 3141 est
582 3091 699 3142 enectus
714 3082 835 3148 arando:

89 3155 93 3172 '
114 3161 246 3223 Offensus
260 3163 366 3225 damnis
376 3165 468 3225 media
479 3165 514 3225 de
527 3175 612 3225 nocte
624 3164 761 3224 caballum
859 3209 862 3218 ,

113 3245 221 3325 Amipit
232 3249 375 3328 iratusque
386 3247 508 3327 l'hilippi
520 3249 609 3310 tendit
620 3248 655 3310 ad
666 3248 763 3308 aedes.
911 3311 913 3317 ,
