2526 3986
197 223 259 288 aas
581 223 842 288 urrsnousaun
1014 233 1117 303 [ldpist.
1134 237 1169 303 u]
1256 195 1257 276 ἴ

282 377 360 452 Ques
371 375 416 438 bis
429 377 552 456 quinque
562 377 615 436 riri
627 387 792 453 sanxerunt,
810 377 927 438 foedera
938 395 1038 457 regum

219 466 258 526 25
280 461 335 521 Vel
349 459 445 522 Gabiis
456 458 503 520 vel
515 477 578 520 cum
589 460 688 538 rigidis
700 471 819 540 aequata
830 462 952 539 Sabinis,

280 545 447 606 Pontificum
458 543 563 620 libros,
580 561 686 606 annosa
696 545 837 605 volumina
847 554 940 606 vatum

278 629 398 691 Dictitet
409 627 517 708 Albano
532 627 628 688 Musas
640 631 668 688 in
681 633 775 690 monte
787 629 907 689 locutas.
960 635 967 647 '

280 714 329 789 Si,
342 715 407 792 quia
419 710 591 772 Graecorum
603 721 667 772 sunt
678 715 868 792 antiquissima
882 731 1012 793 quaeque

280 797 392 876 Scripta
403 795 450 856 vel
462 797 581 874 optima,
595 794 713 861 Romani
727 805 879 875 pensantur
890 797 989 858 eadem

217 885 258 944 30
281 882 443 960 Scriptores
453 882 567 948 tretium
582 896 638 941 noo
650 889 694 940 est
706 880 781 959 quod
793 880 879 942 multa
892 881 1053 960 loquamur:
1066 955 1069 964 ¹

278 963 325 1026 Nil
336 968 407 1026 intra
419 973 463 1025 cst
475 963 585 1040 oleam,
602 963 641 1024 nil
656 973 734 1024 extra
745 974 789 1024 est
800 967 828 1024 in
837 984 912 1025 nuce
924 967 998 1034 duri;

278 1047 413 1110 Venimus
424 1048 459 1108 ad
473 1066 608 1108 summum
619 1048 762 1132 iortupae,
772 1049 916 1126 pingimus
927 1059 1011 1129 atque

279 1131 425 1194 Psallimus
438 1142 466 1193 et
477 1132 613 1192 luctamur
626 1129 742 1192 Achivis
758 1132 868 1193 doctius
881 1135 981 1193 unctis.
1087 1159 1090 1168 ·
1133 1131 1137 1138 '

278 1215 309 1276 Si
323 1217 440 1277 meliora
454 1216 530 1292 dies,
546 1224 576 1276 ut
590 1215 669 1293 vina,
688 1223 820 1294 poemata
830 1217 931 1294 reddit,

215 1301 256 1363 35
279 1300 360 1360 Scire
373 1301 476 1378 velim,
493 1301 596 1361 chartis
607 1302 727 1378 pretium
739 1310 842 1380 quotus
855 1309 968 1379 arroget
979 1319 1080 1362 armus.

277 1383 407 1464 Scriptor
416 1385 519 1444 abhinc
532 1398 622 1444 annos
635 1393 745 1444 centum
758 1387 805 1463 qui
818 1385 937 1461 decidit,
954 1387 1026 1444 inter

277 1466 424 1530 Perfectos
435 1476 609 1547 veteresque
621 1468 719 1528 referri
733 1468 835 1547 dehet,
852 1487 887 1528 an
902 1471 974 1529 inter

225 1562 226 1575 ¹
275 1551 356 1612 Viles
367 1561 453 1632 atque
464 1549 577 1612 novos?
598 1550 737 1613 Exclndat
750 1554 841 1630 iurgia
852 1553 927 1614 dnisl

276 1641 296 1706 9
314 1635 390 1714 „Est
400 1645 483 1696 vetus
495 1644 579 1714 atque
592 1636 714 1714 probus,
731 1645 842 1697 centum
854 1639 901 1715 qui
915 1637 1025 1715 perlicit
1038 1643 1166 1701 annos.“
1256 1635 1257 1638 '

213 1721 254 1786 40
275 1725 296 1792 9
311 1719 404 1798 Quid,
421 1721 469 1798 qui
485 1718 605 1797 deperiit
614 1720 704 1780 minor
715 1738 770 1782 uno
782 1739 880 1781 mense
890 1721 938 1782 uel
949 1720 1046 1782 annol

275 1803 352 1864 lnter
364 1820 436 1884 qnos
447 1802 613 1879 referendus
624 1801 699 1864 eritl
713 1813 863 1864 veteresne
875 1813 987 1884 potitae,

275 1887 320 1948 An
332 1906 404 1967 quos
422 1898 449 1949 et
462 1905 598 1966 praesens
612 1897 640 1947 ct
652 1897 767 1967 postera
778 1899 893 1966 respuat
905 1886 1003 1950 aetas?
1117 1960 1122 1970 Ι

276 1977 296 2043 5
307 1969 389 2049 „lete
402 1970 514 2051 quidem
524 1981 638 2033 veteres
650 1971 722 2032 inter
733 1982 854 2051 ponetur
865 1974 996 2050 honeste,

267 2055 356 2133 „Qui
368 2057 415 2116 vel
425 2074 523 2117 mense
537 2057 617 2116 brevi
629 2056 676 2117 vel
687 2066 748 2116 toto
761 2065 805 2116 est
816 2059 908 2118 iunior
918 2059 1027 2118 anno.“

211 2140 251 2201 45
275 2145 294 2210 9
304 2139 375 2201 Utor
387 2131 543 2219 permisso,
561 2139 725 2219 caudaeque
737 2140 811 2217 pilos
827 2148 856 2201 ut
868 2143 987 2220 equinae

274 2223 408 2283 Paulatim
418 2223 513 2301 vello,
531 2232 559 2282 et
571 2224 654 2284 demo
668 2241 767 2299 unum,
785 2224 867 2284 demo
888 2226 971 2285 etlam
998 2243 1099 2303 ιιιιιιιιι,
1127 2283 1132 2298 ,

272 2306 346 2368 Dum
359 2307 439 2368 cadat
450 2308 546 2368 clusus
558 2309 666 2368 ratione
676 2311 783 2368 ruentis
795 2310 900 2386 acervi,

274 2390 329 2463 Qui
342 2392 414 2452 redit
422 2392 457 2453 ad
465 2392 554 2453 laetos
567 2401 596 2451 et
605 2394 736 2452 virtutem
748 2385 876 2453 aestimat
884 2394 962 2452 annis

271 2473 444 2556 Miraturque
455 2475 539 2551 nihil,
554 2465 607 2534 nisi
620 2474 696 2554 quod
707 2473 825 2536 Libitina
837 2478 966 2536 sacravit.

210 2559 251 2619 50
273 2556 396 2636 Ennius,
410 2569 438 2619 et
450 2562 563 2639 sapiens
575 2567 604 2618 et
617 2559 699 2619 fortis
710 2568 739 2619 et
750 2559 821 2619 alter
833 2559 983 2638 Homerus,

272 2640 309 2701 Ut
320 2644 410 2704 critici
422 2643 532 2720 dicunt,
549 2642 650 2703 leviter
661 2661 759 2704 curare
770 2643 890 2720 videtur,

272 2723 337 2798 Quo
351 2729 490 2804 promissa
502 2726 601 2787 cadant
613 2735 642 2786 et
654 2728 761 2787 somnia
772 2725 960 2807 Pythagorea.

269 2807 393 2870 Naevius
405 2812 433 2870 ln
444 2812 570 2871 manibus
580 2826 637 2870 non
649 2818 693 2870 est
705 2819 733 2870 et
741 2813 884 2890 mentibus
896 2814 992 2873 lracret

133 2947 139 2956 .
214 2905 218 2918 ‘
267 2892 361 2954 Poene
372 2891 493 2955 reeens?
509 2893 581 2955 adeo
596 2903 722 2954 sanctum
735 2903 779 2954 est
789 2903 872 2956 vetus
885 2914 966 2956 omne
977 2904 1095 2975 podrna.

207 2977 246 3039 55
263 2975 426 3056 ·A1nblgitnr
438 2981 550 3056 quoties
560 2986 624 3037 uter
634 2987 696 3038 utro
711 2981 748 3038 sit
760 2980 848 3056 prior;
869 2980 960 3040 aufert

267 3058 406 3122 Pacuvius
419 3061 494 3123 docti
510 3062 610 3122 lamam
625 3063 719 3137 senis,
731 3061 837 3123 Accius
849 3063 908 3140 alti,

267 3143 378 3205 Dicitur
388 3145 484 3207 Afrani
499 3153 566 3225 toga
582 3148 750 3206 convenisse
761 3143 927 3223 Menandro,

267 3226 380 3289 Plautus
392 3229 427 3288 ad
439 3230 584 3308 exemplar
598 3229 685 3289 Siculi
697 3245 852 3308 properare
864 3231 1036 3310 Epicharmi,

266 3310 387 3372 Vincere
402 3310 710 3392 Caecilins'gravitate‚
727 3311 877 3375 Terentius
888 3324 956 3375 arte.
1060 3339 1062 3345 ⁴
