2556 3988
200 231 263 295 ase
556 230 816 295 urrsromuurr
1011 235 1176 314 [nasce]
1250 188 1251 222 ¹

282 384 377 446 Ausus
388 383 476 446 idem:
494 392 597 445 tantum
609 385 698 444 series
709 385 893 465 iuncturaque
904 383 1006 464 pollet,

284 468 400 529 Tantum
411 467 448 528 de
462 467 557 528 medio
568 470 665 528 sumtis
679 467 791 528 accedit
800 469 934 530 lionoris:

284 551 369 612 Silvis
381 551 494 613 deducti
510 561 628 612 caveant
637 569 683 610 me
694 551 788 611 iudice
799 551 897 630 Fauni,

200 635 261 699 245
284 634 345 712 Ne,
361 635 439 696 velut
452 637 537 697 innati
549 637 638 696 triviis
651 653 685 696 ac
696 653 787 714 paene
798 636 939 713 forenses,

253 763 255 771 r
282 719 338 780 Aut
349 721 462 779 nimium
472 721 577 780 teneris
589 721 755 779 iuvenentur
764 721 893 781 versibus
906 737 1036 799 uuquam,

282 803 339 862 Aut
349 803 487 864 immunda
498 813 616 903 crepent
626 805 871 883 ignominiosaque
883 803 970 863 dicta:

283 886 467 948 Ollemluntur
477 890 566 962 enirn,
583 887 685 988 quibus
700 896 745 946 est
759 905 850 966 equus
860 896 889 947 et
900 896 980 988 pater
991 895 1020 946 et
1031 905 1092 966 ree,

281 970 361 1049 Nec,
377 971 480 1051 mquid
491 971 679 1032 fricticrceris
692 971 793 1049 probat
804 980 833 1031 et
843 974 923 1032 nucis
936 979 1036 1050 emtor,

150 1101 171 1112 .-
200 1047 262 1118 250
282 1054 390 1134 Aequis
401 1057 542 1135 accrprunt
552 1073 650 1114 anrmrs
661 1055 800 1115 donantve
813 1070 927 1116 corona.

283 1137 396 1214 Syllaba
406 1138 492 1218 longa
502 1139 582 1199 brevi
594 1139 723 1199 subiecta
735 1148 853 1200 vocatur
864 1141 994 1214 ιἰϊιιιὸιιι,

280 1221 335 1282 Pes
347 1224 433 1283 citus:
451 1221 525 1284 unde
540 1225 623 1282 etlam
637 1225 769 1282 trimetris
781 1240 948 1283 accrescere
959 1223 1042 1282 iussit

197 1353 199 1357 ,
280 1303 390 1367 Nomen
401 1307 535 1383 rambers
553 1324 616 1366 cum
631 1323 716 1366 senos
728 1306 880 1367 redderet
871 1315 943 1366 retus

280 1388 387 1450 Primus
402 1389 437 1451 etl
449 1399 603 1451 extremum
614 1389 713 1451 similis
725 1392 795 1452 sibi:
808 1408 863 1450 non
875 1392 911 1451 ita
924 1389 1042 1481 pridem,

199 1474 259 1536 255
282 1473 400 1534 Tardior
410 1483 440 1534 ut
450 1475 534 1553 paulo
547 1476 718 1553 graviorque
731 1475 841 1534 veniret
851 1474 886 1534 ad
897 1491 990 1550 eures,

281 1557 432 1634 spondeos
443 1557 579 1618 stabiles
571 1578 598 1617 m
609 1559 669 1618 iura
681 1567 798 1641 patema
807 1555 919 1636 recepit

224 1639 452 1701 Commodus
464 1650 494 1701 et
505 1643 631 1720 patiens,
641 1660 701 1702 uon
711 1650 741 1701 ut
752 1642 787 1702 de
796 1635 868 1701 sede
881 1640 1004 1716 secunda

282 1723 735 1804 Cederetautquartasocialiter
778 1711 1018 1786 HicetinAcci

279 1807 428 1870 Nobrlrbus
439 1811 570 1870 ulmetrrs
581 1818 698 1888 apparet
707 1827 804 1886 rarus
820 1819 849 1870 et
862 1809 935 1869 Enni

196 1894 259 1955 260
281 1890 312 1951 ln
324 1910 438 1954 scenam
448 1895 553 1954 missos
564 1912 628 1954 cum
638 1911 740 1971 magno
752 1893 880 1972 pondere
887 1910 989 1952 versus

279 1976 335 2036 Aut
346 1992 451 2058 operae
462 1978 565 2038 celeris
576 1979 689 2037 nimium
701 1996 825 2056 curaque
839 1978 960 2038 carentis

278 2059 334 2119 Aut
344 2062 490 2138 ignoratae
501 2064 602 2140 premit
613 2063 680 2121 artis
692 2064 807 2121 crimine
818 2063 902 2141 turpi.

278 2143 342 2204 Non
353 2145 445 2224 quivis
456 2143 533 2206 videt
543 2145 721 2206 immodulata
733 2153 866 2222 poemata
877 2144 970 2221 iudex,

277 2226 314 2287 Et
325 2227 388 2288 (lata
398 2228 531 2289 Romanis
542 2231 626 2288 venia
638 2239 682 2288 est
692 2229 804 2307 indigua
817 2231 923 2306 poetis.

194 2309 255 2372 265
277 2309 425 2372 idcircone
436 2331 525 2391 vager
537 2314 715 2391 scribamque
729 2311 870 2373 licenter?
884 2331 919 2372 an
932 2328 1032 2372 omnes

276 2395 395 2455 Visuros
407 2406 524 2475 peecata
536 2407 632 2476 putem
643 2415 705 2456 mea
714 2417 731 2473 ‚·
742 2406 818 2456 tutus
831 2406 859 2456 et
870 2399 940 2456 intra

243 2549 245 2557 Ι
277 2479 475 2558 Spemveniae
487 2479 606 2541 cautus?
623 2481 715 2541 Vitavi
727 2479 849 2558 denique
861 2480 981 2559 culpam,

277 2562 340 2623 Non
351 2563 462 2623 laudem
474 2568 572 2624 merui.
594 2565 654 2624 Vos
667 2566 837 2642 exemplaria
852 2563 990 2644 Graecas„

276 2646 420 2707 Nocturna
430 2657 542 2708 versate
557 2667 657 2724 manu,
673 2658 786 2709 versate
800 2648 907 2708 diurna.

193 2730 254 2791 270
268 2731 312 2790 'At
322 2734 409 2790 vestri
423 2735 522 2810 proavi
534 2731 676 2792 Plautinos
689 2742 718 2792 et
730 2750 862 2792 numeros
874 2740 902 2791 et

274 2814 436 2876 Laudavere
448 2815 545 2894 sales‚'
561 2817 673 2876 nimium
686 2819 826 2894 patienter
837 2825 995 2893 utrumque,

156 2895 161 2912 '
274 2898 319 2958 Ne
331 2899 421 2960 dicem
433 2899 535 2976 stulte,
551 2902 658 2976 mirati,
676 2903 700 2959 si
712 2901 796 2960 modo
808 2917 864 2977 ego
877 2909 905 2960 et
915 2915 968 2960 vos
995 2907 1001 2918 '

167 2975 170 2988 '
274 2983 385 3043 Scimus
396 2983 559 3044 inurbanum
571 2983 823 3062 lepido‘seponere
835 2984 911 3051 dicto

273 3066 495 3146 Legitimumque
508 3085 607 3127 sonum
619 3065 713 3145 digitis
725 3068 860 3127 callemus
872 3077 901 3128 et
912 3084 989 3126 aure.

191 3147 251 3212 275
273 3147 403 3226 Ignotum
418 3154 543 3229 tragicae
555 3165 644 3230 gertus
658 3153 801 3218 invenisse
814 3150 954 3212 Camenae

205 3241 220 3260 “
273 3232 383 3294 Dicitur
394 3245 422 3294 et
434 3237 565 3312 plaustris
576 3238 690 3294 vexisse
705 3243 835 3313 poemata
847 3233 980 3312 Thespis,

274 3315 355 3390 Quae
366 3329 498 3378 canerent
508 3328 681 3398 agerentque
694 3322 822 3401 peruncti
835 3319 962 3380 faecibus
974 3335 1033 3378 ora.
