2556 3988
187 225 250 290 ees
435 243 442 268 ι
534 221 794 286 uursuomuum
1000 227 1105 302 [spec.
1118 225 1159 305 e}

189 383 250 444 170
272 375 388 452 Quaerit
399 383 428 436 et
439 373 559 436 inuentis
570 375 657 436 miser
667 375 787 436 abstinet
797 393 831 435 uc
842 377 920 436 limet
928 377 981 452 nti,
1009 431 1010 436 ,

270 458 323 520 Vel
335 458 411 540 quod
421 476 468 518 res
480 475 577 518 omnes
588 459 684 521 timide
694 457 847 538 gelideque
859 462 1004 538 ministrat,

271 544 396 620 Dilutor,
413 539 466 621 spe
477 540 596 620 longus,
615 544 707 620 iners,
724 543 880 622 avidusque
891 544 985 619 intumi,

271 625 418 704 Dillloilis,
439 625 588 706 querulus,
606 625 878 706 lnudutortemporis
890 630 944 688 acti

272 712 310 772 Se
323 727 428 790 puero,
446 713 599 788 castigator
610 726 770 789 censorque
784 715 928 771 minorum.
946 751 949 758 ·

191 798 249 858 175
271 793 357 855 Multo
370 795 462 855 lerunt
473 795 536 854 unni
547 796 693 854 uenientes
707 795 853 864 commodo
865 811 971 870 secum,

270 878 356 938 Multa
366 877 534 939 recedentes
544 878 675 938 adimunt.
698 877 742 938 Ne
755 878 829 940 forte
840 875 945 939 seniles

270 961 434 1024 Mundeutur
445 964 539 1022 iuveni
549 971 645 1040 partes
656 979 804 1042 pueroque
818 962 930 1022 viriles:

241 1101 245 1108 .
271 1046 390 1125 Semper
400 1048 428 1106 in
439 1045 575 1106 adiunctis
587 1063 717 1124 ueroque
729 1047 896 1108 mombimur
906 1046 988 1124 aptis.

97 1126 113 1148 ²
151 1135 165 1152 ⁴·
245 1183 255 1202 ,
270 1129 326 1192 Aut
335 1132 427 1208 egitur
437 1148 484 1190 res
495 1130 523 1190 iu
535 1131 629 1190 scenis
636 1174 648 1207 ,A
661 1139 707 1190 eut
718 1140 780 1192 notu
794 1131 925 1190 refertur.

190 1217 251 1278 180
272 1214 394 1292 Segnius
406 1215 630 1274 imitantunimos
645 1214 767 1276 demisse
778 1231 946 1292 pererrem,
1047 1267 1055 1276 ,

273 1297 362 1373 Quum
375 1315 447 1377 quoe
459 1305 522 1357 snut
532 1296 623 1358 oeulis
635 1298 762 1358 subiecto
774 1296 904 1358 fidelibus
919 1305 948 1356 et
959 1313 1034 1375 qnae

272 1380 339 1461 Ipse
354 1383 408 1442 sibi
418 1379 500 1441 trudit
516 1377 675 1460 spectator:
690 1391 847 1442 nontamen
858 1384 931 1440 intus
984 1403 986 1414 ,

271 1463 363 1543 Digne
374 1467 437 1544 peri
449 1481 561 1544 promes
573 1467 601 1524 iu
615 1483 746 1542 suenum,
763 1463 905 1544 multaque
915 1461 1001 1524 tolles

272 1548 316 1610 Ex
328 1549 435 1626 oculis,
452 1566 525 1627 quae
537 1565 604 1610 mox
614 1558 706 1610 narret
718 1549 846 1610 iucundis
857 1565 1001 1626 praesens.

190 1636 248 1698 180
272 1632 316 1693 Ne
327 1649 431 1712 pueros
444 1647 537 1692 corum
549 1631 656 1712 populo
668 1631 768 1694 Medea
778 1632 908 1706 trucidet,

150 1707 158 1728 ⁶
252 1713 326 1776 ‘Aut
338 1716 455 1777 humanu
467 1714 557 1793 pulum
569 1725 672 1796 coquet
682 1725 745 1776 extu
755 1717 878 1777 nelurius
889 1714 1002 1791 Atreus,

270 1800 326 1861 Aut
337 1801 365 1860 in
379 1817 459 1860 ouem
470 1798 581 1860 hocne
592 1808 730 1877 uertatur,
750 1799 871 1863 Cadmus
881 1801 909 1859 in
922 1815 1055 1875 unguem.

273 1882 469 1962 Quodcunque
481 1883 606 1944 ostendis
618 1885 684 1944 mihi
697 1886 757 1960 sio,
772 1883 932 1944 incredulus
944 1881 1001 1942 odi.

137 2011 140 2024 .
272 1966 353 2028 Neve
368 1969 459 2028 minor
470 1986 525 2028 neu
537 1969 573 2028 sit
585 1969 681 2046 quinto
695 1967 860 2046 productior
871 1976 935 2028 notu

191 2056 252 2117 190
272 2049 394 2128 Fabula,
411 2069 484 2130 quae
496 2054 578 2130 posci
588 2050 648 2112 vult
659 2061 688 2112 et
698 2061 824 2130 spectata
839 2052 953 2129 reponi:

273 2134 336 2196 Neo
347 2133 549 2212 deusintersit‚
569 2137 623 2196 nisi
634 2134 734 2213 dignus
746 2135 858 2196 uindice
868 2133 958 2196 nodus

273 2216 421 2287 Iuoiderit;
436 2236 489 2280 nec
501 2228 597 2297 quartu
608 2218 686 2298 loqui
697 2236 819 2298 persone
830 2217 948 2280 laboret.

273 2301 386 2363 Actoris
399 2311 492 2381 portes
505 2303 608 2362 chorus
621 2303 801 2382 officiumque
813 2303 894 2362 uirile

272 2384 428 2462 Defendet,
444 2404 498 2447 neu
511 2386 577 2466 quid
588 2387 696 2447 medios
711 2389 857 2447 intercinat
868 2395 957 2462 uetus,

192 2471 250 2532 195
274 2468 358 2544 Quod
368 2487 424 2530 non
435 2473 583 2548 proposito
596 2470 734 2532 conducet
745 2479 774 2530 et
784 2470 899 2532 haereat
909 2478 983 2549 apte.

272 2551 325 2613 Ille
339 2553 421 2614 bouis
432 2553 582 2634 laventque
593 2563 622 2614 ct
633 2554 797 2614 consilietur
808 2556 907 2630 amice,

272 2635 309 2698 Et
323 2639 917 2716 regutirutosetemetpeccaretimentes;
975 2651 980 2658 ·

272 2718 325 2782 Ille
337 2720 424 2800 depes
436 2719 531 2782 laudet
543 2739 658 2782 mensae
671 2722 784 2800 brevis,
801 2720 850 2782 illc
861 2721 1002 2782 salubrem

242 2858 244 2864 .
272 2802 408 2866 Iustitiam
418 2803 557 2884 legesque
568 2814 597 2865 et
607 2808 712 2884 opertis
724 2807 780 2867 otiu
791 2808 897 2884 portis;

190 2890 253 2953 200
272 2886 325 2950 llle
336 2896 414 2968 teget
425 2891 592 2967 commissu,
608 2889 735 2968 deosque
746 2898 878 2968 precetur
889 2898 917 2950 et
928 2897 1000 2966 oret,

273 2971 311 3034 Ut
320 2972 420 3034 redeat
430 2974 560 3050 miseris,
579 2973 661 3034 obeat
671 2972 791 3034 Fortuna
806 2973 946 3052 superbis.

273 3053 353 3117 'libio
363 3075 441 3134 non,
457 3065 487 3116 ut
497 3075 585 3134 nuuc,
603 3057 745 3118 orichalco
755 3060 848 3120 rinotu
860 3058 1001 3136 tutaeque

271 3138 405 3218 Aemula,
421 3140 474 3202 sed
485 3144 577 3201 tenuis
588 3139 763 3220 simplexque
775 3141 910 3202 lorumiue
923 3157 1015 3219 pauco
1130 3189 1136 3204 .

271 3221 424 3303 Adspirure
436 3233 464 3285 et
477 3223 579 3287 edesse
594 3225 688 3284 choris
700 3234 759 3284 erut
769 3225 860 3300 utilis,
875 3235 960 3306 etque

190 3309 250 3372 205
271 3305 400 3370 Nondum
412 3308 505 3386 spisso
515 3310 597 3370 nimis
608 3306 752 3386 complere
763 3308 862 3369 sedilis
873 3308 952 3377 dutum
