2526 3986
113 211 325 338 [spanus
363 203 365 206 ⁵
529 243 640 304 ureae
650 243 673 304 1.

112 389 150 463 dr
160 377 257 462 raderi
271 409 302 460 ut
312 401 436 460 meminit
449 395 559 458 nostri?
578 372 730 457 llidibusne
741 396 844 458 Latinis

113 485 264 547 Thebanos
277 491 374 562 aptare
385 482 486 543 modos
498 479 592 541 studet
602 484 719 558 auspice
731 481 821 559 llusa,

112 571 155 630 An
168 571 276 647 tragica
287 567 415 630 desaevii
425 575 454 626 at
467 564 635 642 ampullatur
648 561 770 624 inerte?

114 653 189 727 Quid
200 653 267 712 mibi
285 650 389 712 Celsus
402 653 476 727 egit,
499 651 622 709 monitus
640 648 812 728 multumque
826 648 993 730 monendus,
1038 649 1077 713 15
1178 705 1188 720 ,

111 737 237 797 Privatae
249 745 281 795 ut
291 743 407 815 quaerat
420 750 491 810 opes
504 741 534 792 et
542 741 660 810 tangere
671 735 741 793 nitet

111 822 240 899 Scripta,
260 818 401 879 Palatinus
416 831 602 896 quaeeunque
615 819 727 894 recepit
740 816 870 904 Apollo,

111 905 173 982 Ne,
198 907 221 963 si
234 905 308 963 iorte
320 920 386 961 suas
398 903 547 984 repetitum
558 903 669 960 venerit
679 899 746 960 olim

112 988 189 1050 Grex
201 989 292 1047 avium
304 986 428 1066 plumas,
451 994 564 1044 moveat
575 985 721 1044 oemioula'
729 985 816 1043 risum

86 1098 94 1109 ¹
110 1072 234 1133 Furtivis
245 1069 344 1130 nudata
357 1066 524 1129 coloribus?
544 1066 610 1146 lpse
623 1067 690 1146 quid
701 1064 812 1127 audes?
1036 1067 1078 1132 20

112 1156 194 1230 Quae
206 1153 412 1214 oireumrelitas
424 1153 507 1230 agilis
520 1149 638 1228 thyma?
657 1149 721 1211 Nou
731 1152 782 1211 tibi
796 1168 912 1229 parrum

110 1239 272 1318 ingenium,
293 1233 349 1296 non
364 1236 497 1297 inoultum
510 1245 595 1296 estet
607 1239 726 1326 turpiter
742 1235 858 1296 hirtum:
906 1309 910 1321 Ι

111 1325 170 1384 Seu
181 1323 302 1402 linguam
315 1322 409 1380 causis
420 1322 499 1379 aouis
512 1338 562 1379 seu
579 1323 669 1380 oiviea
681 1322 741 1380 iura

109 1405 297 1485 Respondere
308 1421 391 1482 paras
403 1423 453 1464 seu
466 1404 565 1466 eondis
577 1403 697 1466 amabile
712 1422 834 1480 carmen,

109 1491 200 1551 Prima
214 1489 291 1550 ieres
302 1487 425 1548 hederae
436 1491 561 1549 victricis
574 1491 707 1567 praemia.
752 1486 863 1561 Quodsi
1035 1485 1075 1546 25

108 1573 223 1653 Frigida
235 1589 361 1632 aurarum
374 1572 498 1632 lementa
509 1573 671 1652 relinquere
684 1587 806 1651 posses:
1091 1588 1094 1598 ¹

110 1658 176 1732 Quo
187 1667 216 1717 te
228 1656 513 1734 coelestiseapientia
526 1657 658 1732 dueeret,
683 1660 750 1716 ires.
844 1659 847 1668 ’

108 1742 174 1804 lloe
188 1758 277 1819 opus,
302 1739 357 1800 boe
368 1740 489 1800 studium
502 1743 580 1818 parui
594 1756 779 1819 properemus
791 1748 821 1801 et
830 1738 927 1819 ampli,

108 1828 140 1886 si
154 1827 261 1904 patriae
272 1823 418 1900 volumus,
436 1825 460 1882 si
471 1825 553 1884 nobis
564 1827 663 1884 vivere
676 1828 743 1886 cari.
1012 1897 1016 1912 .

106 1909 208 1970 Debes
219 1910 275 1968 boe
289 1909 372 1968 etiam
382 1908 553 1982 reseribere,
572 1910 609 1968 sit
618 1909 669 1968 tibi
683 1925 779 1985 aurae,
1034 1911 1075 1974 30

107 1993 240 2067 Quantae
254 1992 420 2067 conveniat,
438 1989 588 2051 Munatius.
610 1991 654 2052 An
666 1993 824 2053 malesarta

106 2077 203 2138 Gratia
216 2073 405 2153 nequidquam
417 2077 477 2134 eoit
488 2085 517 2134 et
525 2073 715 2136 rescinditur?
727 2111 764 2122 -
783 2076 821 2137 At
831 2093 884 2138 ros

106 2163 168 2221 Seu
183 2157 291 2219 ualidus
304 2160 420 2235 sanguis
433 2176 485 2218 seu
496 2177 588 2218 rerum
603 2160 714 2222 inscitia
723 2170 809 2221 vexat
881 2168 890 2183 “

105 2243 246 2304 Indomita
263 2243 377 2302 cervice
389 2241 483 2318 ieros,
508 2242 670 2322 ubieunque
680 2243 808 2307 locorum

105 2328 225 2404 Virilis,
248 2325 354 2404 indigni
366 2325 518 2386 iratemum
528 2344 660 2405 rumpere
671 2328 784 2404 ioedus,

105 2411 234 2474 Pascitur
244 2411 272 2471 in
283 2419 406 2470 vestrum
417 2409 536 2470 reditum
547 2413 642 2472 votiva
658 2414 787 2472 iuvenca.

730 2499 742 2524 ’a

516 2577 680 2586 -—-—-—-.

330 2700 333 2711 “
428 2695 671 2758 lamsrolam
689 2696 754 2752 1v.

234 2797 297 2849 nl)
332 2796 560 2852 ateium
596 2796 910 2854 TIBUlaLUM.

107 2916 188 2994 Albi,
204 2925 365 2978 nostrorum
376 2885 535 2980 sermonum
548 2917 666 2979 candide
676 2917 772 2994 iudex,

107 2999 183 3074 Quid
198 3019 271 3062 nune
281 3011 311 3063 te
325 3002 416 3063 dicam
427 3003 524 3064 iacere
535 3005 564 3063 in
574 3005 692 3081 regione
704 3000 829 3062 Pedana:

93 3085 240 3146 ·Soribere
252 3086 328 3165 quod
339 3084 421 3148 cassi
431 3086 588 3148 Parmensis
599 3085 738 3166 opuscula
750 3087 853 3163 manat,

105 3168 149 3228 An
162 3171 277 3230 taeitum
287 3170 373 3232 silvas
383 3173 456 3231 inter
465 3182 579 3252 reptare
596 3171 734 3246 salubres,

106 3250 257 3313 Curantem
269 3253 403 3334 quidquid
414 3255 527 3334 dignum
539 3257 666 3335 sapiente
678 3253 811 3333 bonoque
822 3251 887 3316 est?
1016 3257 1047 3320 'b

68 3365 72 3382 ι
106 3335 168 3396 Non
181 3345 209 3396 tu
221 3353 325 3417 corpus
337 3357 400 3400 eras
412 3342 474 3400 sine
487 3349 614 3419 peetore.
635 3337 672 3398 lli
683 3339 733 3399 tibi
745 3339 872 3418 romam,
894 3375 898 3382 -
970 3353 974 3374 ¹

149 3425 307 3476 donamus.
886 3423 920 3478 14
