2526 3986
167 219 255 286 ‘aaa
502 236 506 244 ,
537 193 796 281 urrsroma'un
932 196 1163 301 [spatiarer

275 374 328 435 llic
342 381 386 434 est
396 382 443 433 aut
454 389 604 451 nusquam,
618 371 694 450 quod
706 375 875 451 quaerimus.
897 371 949 432 llic
962 391 1032 434 onus
1044 375 1153 454 horret,

214 458 255 522 40
276 458 315 519 Ut
323 459 417 535 parvis
431 458 529 518 animis
542 465 570 515 et
586 472 672 532 parvo
685 455 807 534 corpore
817 460 920 524 maium

275 541 327 602 llio
339 542 430 617 subit,
449 548 478 600 et
491 539 607 618 perfert.
630 539 686 599 llut
695 542 782 599 virtus
795 557 898 600 nomen
908 543 991 601 inane
1003 552 1057 619 est,

274 624 331 685 llut
346 625 433 684 decus
445 633 474 684 et
486 626 605 701 pretium
615 633 695 683 recte
707 626 779 700 petit
789 622 938 706 experiens
953 628 1005 686 vir.
1094 660 1097 670 ·

276 708 378 770 Coram
389 726 459 786 rege
470 725 522 768 suo
536 707 573 766 dc
585 715 749 784 paupertate
760 715 887 767 tacentes

276 793 340 852 Plus
353 799 493 871 poscente
500 792 605 851 ferent:
624 791 723 866 distat,
742 807 872 852 sumasne
886 791 1023 870 pudenter

215 877 253 941 lo
276 878 320 936 An
330 879 439 955 rapias;
462 877 538 954 atqui
549 892 641 934 rerum
654 884 738 952 caput
748 875 803 934 boc
815 884 890 952 erat,
908 877 953 934 iric
965 875 1040 936 lons.

278 959 504 1038 „lndotatamihi
515 975 597 1018 soror
608 967 667 1033 est,
686 958 856 1036 paupercula
867 968 964 1034 mater,

277 1043 337 1121 „Et
348 1044 449 1104 fundus
460 1060 515 1103 neo
526 1041 674 1102 vendibilis
685 1059 739 1101 nec
749 1058 869 1119 pascere
881 1043 1011 1118 firmus,“

278 1128 333 1203 Qui
348 1127 430 1203 dicit,
446 1125 558 1186 clamat:
577 1125 711 1202 „Victum
722 1125 785 1185 date
795 1125 826 1184 !“
838 1125 963 1185 Succinit
974 1126 1045 1187 alter

277 1210 338 1288 „Et
347 1211 413 1271 mihi
425 1210 537 1270 dividuo
552 1207 670 1268 findetur
679 1225 794 1268 munere
806 1209 944 1288 quadra.“

216 1297 256 1360 50
278 1294 335 1355 Sed
346 1297 446 1355 tacitus
458 1295 537 1373 pasci
549 1294 572 1352 si
585 1302 684 1370 posset
695 1309 807 1367 corvus,
820 1293 937 1356 baberet

275 1379 340 1439 Plus
352 1379 450 1456 dapis,
468 1387 497 1438 et
506 1378 583 1438 rinae
594 1376 679 1436 multo
693 1379 781 1436 minus
794 1377 982 1455 inuidiaeque.
995 1413 998 1419 ,

275 1463 449 1524 Brundisium
462 1478 559 1521 comes
571 1467 618 1521 aut
628 1460 789 1522 Surrentum
800 1460 900 1521 ductus
912 1475 1071 1538 amoenum,

277 1546 331 1621 Qui
343 1547 469 1624 queritur
479 1544 605 1606 salebras
616 1553 645 1604 et
657 1545 788 1604 acerbum
800 1545 889 1621 frigus
901 1553 930 1604 et
940 1546 1055 1623 imbres,

275 1630 331 1689 Aut
342 1632 441 1689 cistam
451 1628 593 1690 effractam
605 1637 634 1686 et
645 1629 781 1688 subducta
790 1630 892 1688 viatica
906 1627 1014 1706 plorat:

216 1720 255 1780 55
278 1713 350 1774 Nota
361 1713 449 1772 refert
459 1713 616 1771 meretricis
626 1714 771 1788 acumina,
787 1729 874 1789 saepe
886 1711 1013 1772 catellam

277 1798 370 1874 Saepe
383 1795 579 1874 periscelidem
590 1804 696 1873 raptam
707 1796 760 1856 sibi
773 1795 880 1871 ilentis,
893 1798 932 1854 uti
943 1811 1009 1855 mox
1062 1861 1064 1865 ,

276 1881 359 1942 Nulla
370 1880 440 1940 lides
452 1879 559 1939 damnis
567 1881 701 1957 verisque
716 1879 859 1940 doloribus
871 1878 952 1940 adsit.

277 1964 338 2025 Neo
352 1963 440 2024 semel
452 1964 550 2022 irrisus
563 1964 652 2022 triviis
663 1957 792 2022 attollere
805 1972 883 2023 curat

276 2048 378 2109 Fracto
390 2065 471 2108 crure
484 2047 610 2125 planum,
626 2046 694 2106 licet
704 2046 744 2106 illl
757 2047 873 2124 plurima
885 2057 977 2108 manet

217 2139 258 2202 60
279 2133 417 2208 lacrima,
431 2149 482 2209 par
494 2139 618 2191 sanctum
630 2133 734 2190 iuratus
747 2131 821 2191 dicat
833 2128 948 2191 Osirim:

279 2215 433 2294 „Credite,
450 2232 507 2276 non
517 2213 597 2282 ludo;
613 2213 743 2273 crudeles
755 2213 845 2274 tollite
857 2214 1025 2293 claudumffl

278 2299 416 2379 „Quaere
427 2301 630 2378 peregrinum“
645 2299 747 2358 vicinia
758 2315 842 2358 rauca
852 2299 993 2360 reclamat.

597 2519 740 2528 -2.-=--—--

474 2659 718 2718 mrlsmolna
737 2659 877 2714 mn.

554 2768 600 2822 nl)
619 2767 792 2824 LOLLlUM.

243 2927 254 2945 a
279 2890 310 2951 Si
321 2890 394 2950 bene
405 2890 528 2966 tenori,
541 2897 665 2964 mctues,
682 2889 822 2949 liberrime
837 2885 919 2963 lolli,

279 2974 437 3043 Scurraatis
449 2975 575 3052 speciem
587 2972 741 3050 praebere,
755 2970 904 3049 professus
915 2972 1044 3032 amioum.

278 3057 316 3118 Ut
329 3067 452 3118 matrona
463 3058 603 3117 meretrici
616 3055 710 3134 dispar
721 3058 774 3116 crit
784 3065 869 3133 atque

278 3140 428 3218 Discolor,
444 3141 528 3202 inildo
541 3157 657 3200 scurrae
667 3139 780 3199 distabit
790 3143 905 3199 arnicas.

238 3227 256 3286 b
279 3222 405 3285 Esthuic
418 3226 558 3285 diversum
569 3226 637 3284 vitio
648 3224 743 3282 vitium
760 3239 848 3302 prope
858 3225 956 3299 maius,

279 3304 426 3385 Asperitas
438 3312 559 3385 agrestis
571 3316 599 3366 et
611 3309 775 3367 inconcinna
786 3309 949 3385 gravisque,
