2526 3986
187 191 248 259 ιιι
562 196 779 261 sarranium
939 221 943 234 ·
998 203 1153 272 ,senar

186 349 249 412 220
270 346 408 428 „Integer
421 357 466 408 est
477 345 581 410 animi?
595 346 639 408 No
651 348 764 410 dixeris.
785 347 863 428 Ergo
875 349 922 410 ulri
936 367 1021 426 prava

269 433 434 511 „Stultitia‚
449 432 496 492 laio
507 449 612 492 summa
626 441 670 494 est
681 434 802 502 insania:
819 435 867 512 qui
881 432 1048 511 sceleratus,

270 515 330 595 „Et
341 517 464 576 furiosus
477 517 545 585 orit;
558 534 641 594 quem
653 515 731 594 oepit
740 519 830 576 vitrea
841 517 924 594 larua,

269 600 373 677 „lluno
387 600 582 662 oireumtouuit
593 599 719 678 gaudem
734 600 850 662 Bellona
861 601 994 662 eruentis.
1009 635 1047 644 —-

268 683 372 761 „Nouo
384 701 438 762 age
448 725 457 759 ,
469 681 604 745 luxuriam
617 692 646 743 et
657 682 861 746 Nomentanum
872 685 965 762 arripe
977 701 1108 745 menum:

185 767 245 829 225
267 768 391 845 „Vincet
406 768 479 828 enim
490 766 591 827 stultos
602 769 672 828 ratio
688 769 808 829 insanire
820 777 951 846 nepotes.

268 851 343 928 „llio
355 851 436 913 simul
449 853 563 929 anoepit
574 852 720 930 patrimoni
736 851 814 912 mille
827 852 941 928 talenta,

267 935 393 1013 ,‚lldieit,
407 937 531 1012 piscator
541 938 592 1011 uti,
606 937 758 1013 pomarius,
770 953 889 1014 auoeps,

267 1018 496 1097 „Unguentarius
508 1035 542 1078 ao
558 1017 643 1080 Tusci
655 1019 734 1080 trnha
745 1020 829 1097 impia
842 1021 909 1096 vioi,
930 1025 932 1030 '

82 1175 83 1182 ἵ
267 1101 361 1181 „Cum
372 1104 476 1163 scurris
487 1102 584 1178 fartor,
598 1120 660 1164 oum
670 1103 793 1162 Velabro
806 1120 889 1162 omne
899 1102 1048 1165 macellum

182 1182 245 1244 230
266 1185 372 1265 „illane
387 1187 498 1247 domum
515 1189 636 1248 veniant.
669 1185 742 1258 Quid
753 1183 829 1246 tnm'l
844 1185 955 1246 Venere
966 1186 1144 1266 frequentes,

183 1293 190 1307 ‘
266 1269 382 1350 „Verba
396 1270 465 1332 lauit
476 1269 558 1332 leno:
581 1268 747 1349 „Quidquid
759 1269 841 1347 mihi,
855 1269 989 1350 quidquid
1001 1279 1030 1330 et
1044 1271 1144 1330 horum

265 1354 430 1434 „„Guiquo
450 1354 525 1414 domi
539 1364 600 1432 est,
624 1353 653 1414 id
670 1354 866 1432 treduinum,
890 1353 1143 1432 etvelnunupete

684 1437 815 1499 reloraa
820 1440 882 1480 “

263 1480 415 1603 „Aooipe,
439 1521 505 1600 quid
518 1531 615 1582 eontra
627 1522 735 1581 iuvenis
747 1522 925 1598 responderit
938 1539 1057 1602 aequus.

263 1652 302 1686 „,
293 1605 349 1686 „In
363 1609 428 1667 nive
439 1603 549 1666 Lnoana
561 1605 665 1666 dormis
679 1614 821 1682 ocreatus,
836 1615 866 1666 ut
877 1623 973 1685 aprum
1028 1615 1032 1620 '

95 1763 102 1770 ἱ
181 1687 240 1747 235
263 1688 442 1768 „‚,Coeuom
464 1707 536 1768 ego;
554 1698 584 1749 tu
603 1691 698 1767 pisoes
719 1690 836 1750 hiberno
860 1687 1141 1767 exaequorevellis:

262 1775 420 1854 „„Segnis
439 1791 495 1851 ego
512 1773 660 1852 indignus,
677 1773 725 1852 qui
738 1782 842 1834 tantum
857 1773 1034 1850 possideam:
1047 1773 1141 1832 anler!

262 1904 282 1935 „
293 1858 402 1935 „Sume
415 1857 464 1917 tibi
476 1856 588 1918 deoies.
583 1859 632 1899 ¹
601 1855 633 1916 'l'i
635 1857 662 1916 lri
674 1853 856 1919 tantumdem!
868 1854 930 1916 'libi
939 1851 1054 1933 triplex,

262 1988 282 2019 „
294 1941 398 2019 „Unde
408 1957 479 2000 uxor
493 1940 585 2002 media
595 1942 682 2000 currit
694 1939 729 2002 do
740 1950 825 2000 noete
839 1949 956 2000 vocata
950 1939 980 1976 ¹“

261 2025 372 2102 „Filius
383 2025 492 2102 Aesopi
505 2025 656 2089 detraetum
668 2042 704 2084 ox
716 2043 783 2086 aura
793 2020 937 2100 Metellae,

180 2105 240 2168 240
260 2110 401 2186 „Seilioet
414 2118 443 2170 ut
452 2109 550 2172 docies
566 2107 686 2168 solidum
700 2109 876 2186 exsorberen,
891 2116 973 2168 aneto

151 2223 161 2243 ·
259 2193 371 2270 „Diluit
382 2195 521 2271 insignem
531 2193 661 2254 baneam·
681 2193 728 2271 qui
743 2194 854 2268 sanior,
868 2192 937 2254 ansi

206 2349 208 2355 A
259 2277 354 2354 „lllud
365 2277 464 2338 idem
456 2296 484 2336 ru
495 2275 622 2355 rapidum
635 2275 737 2338 lluman
751 2278 893 2336 iaoerotve
906 2271 1054 2336 eloacam?

258 2361 378 2437 „Quinti
389 2363 544 2442 progenies
554 2360 629 2438 Arri,
646 2377 697 2438 par
709 2359 805 2420 nobile
819 2360 943 2435 fratrum,

258 2443 414 2524 „Nequitia
426 2453 454 2506 et
465 2447 548 2522 ungis
564 2462 712 2522 pravorum
726 2453 755 2503 et
765 2461 861 2504 amore
872 2440 1034 2522 gemellum,
1074 2513 1079 2522 ι

176 2520 236 2585 245
258 2527 425 2605 „luscinias
439 2529 536 2594 soliti
528 2544 657 2611 impenso
670 2527 808 2606 prandere
819 2534 957 2602 ouemtas,

257 2611 424 2689 „Quorsum
435 2610 556 2675 abeant?
581 2612 652 2672 Sani
661 2621 691 2674 nt
702 2622 790 2689 oreta,
807 2630 842 2671 ιιι
862 2610 984 2672 narbone
1001 2605 1137 2668 notandi?

257 2696 439 2772 „Aedificare
455 2715 545 2772 nasas,
565 2694 698 2774 plostello
714 2693 867 2794 adiungere
878 2711 983 2770 mures,

256 2779 390 2857 „ludere
401 2799 452 2859 par
463 2781 567 2858 impar,
580 2780 746 2858 equitarem
757 2779 890 2838 arundine
901 2777 986 2854 longa

256 2864 311 2940 „Si
323 2881 407 2945 quern
422 2863 546 2924 delectet
556 2863 715 2923 barbatum:
734 2865 855 2922 amentia
868 2869 973 2921 verset.

174 2944 236 3023 250
255 2949 311 3025 „Si
326 2946 469 3028 puerilius
474 2949 519 3008 luis
529 2949 599 3008 ratio
611 2964 678 3006 esse
693 2948 805 3006 eviuoet
816 2964 920 3021 amare,

255 3031 341 3108 „Neo
351 3030 502 3111 quidquam
511 3030 636 3107 drllerro,
644 3031 789 3090 utrumne
781 3049 810 3089 ru
818 3028 946 3108 pulvere,
956 3027 1053 3086 trimus

193 3187 196 3195 ¹
255 3113 370 3193 „eran
383 3117 471 3194 priua,
484 3115 564 3178 ludas
575 3131 660 3192 opus,
676 3130 711 3174 au
722 3115 879 3175 meretricis
890 3127 985 3172 amore

255 3198 550 3276 ,,ΒοΙΙῑιίῑιιιῃΙοιιι;
563 3215 680 3277 quaero,
693 3197 818 3258 faciasne
830 3194 985 3276 quodnlim
1037 3241 1040 3250 .

254 3281 399 3359 Mutatus
408 3279 566 3344 Polemon?
581 3299 671 3360 ponas
687 3281 806 3358 insignia
821 3281 953 3366 morbi,
