2556 3990
194 185 306 234 XLVIII
490 181 537 229 DII
559 180 642 228 VITA
660 179 705 226 ΕΤ
727 173 879 227 δῦΒῑΡἩδ
949 175 952 182 ’

271 321 309 399 ll.
347 342 496 397 lumbicum
510 339 672 406 secundum,
690 355 743 410 quo
758 353 869 394 versum
884 339 1022 396 senarium
1041 341 1176 396 acatalec-

138 427 139 432 ’
192 434 249 484 tom
264 427 409 484 iambicum
427 425 555 496 soquitur
569 422 774 496 quaternarius:
1031 432 1036 447 ¹

148 808 154 822 ’
191 835 278 907 Epor.
297 842 397 893 1—10.
417 777 451 806 w

253 949 274 1002 1.
318 947 421 1006 Metro
436 941 659 1021 Pythirmhioa:

151 1047 153 1056 ’
227 1058 229 1062 ·
279 1033 299 1087 1.
336 1032 488 1104 lhjthicmh.
498 1033 620 1101 primum
631 1043 653 1084 s.
666 1029 764 1096 minus,
779 1042 832 1098 quc
844 1028 1014 1096 hexametro,
1031 1026 1077 1096 qui
1095 1027 1177 1082 ctiam

190 1113 439 1185 Pythiusdioitur,
456 1113 602 1170 subiicitur
616 1111 750 1168 iambicus
767 1111 896 1167 dimeter:

391 1216 452 1244 ’.ι
494 1215 561 1244 '—

376 1211 958 1290 -oo-oo·l]o“r'r·'u-o·'w·ff

191 1401 424 1515 spoursrerrs.
466 1386 501 1414 w
594 1318 599 1418 Ι
777 1501 780 1507 ,

219 1535 223 1541 ’
272 1539 307 1595 11.
345 1537 557 1610 Pythiumhr'cum
567 1536 717 1590 secundum
728 1547 752 1589 s.
763 1537 859 1604 motus,
872 1551 925 1607 quo
938 1537 1097 1591 hexametro
1111 1534 1176 1592 suh-

190 1607 283 1680 iicitur
303 1622 427 1678 tritueter
444 1621 545 1688 ductyl.
563 1619 644 1674 catal.
662 1619 690 1674 irr
708 1606 857 1690 syllabam:

273 1995 303 2050 ln
316 1993 421 2066 Epodtr
435 1969 564 2050 Horatius
579 2000 691 2050 secutus
708 1999 751 2050 est
760 1993 958 2050 Archilochum
972 1987 1095 2060 Parium,
1110 1986 1176 2046 ‘rc-

189 2085 328 2152 pertcreru
351 2077 486 2150 pugnacis
509 2073 626 2147 iumhi’‚
650 2084 680 2133 ut
696 2078 866 2149 auditupud
888 2075 967 2131 ovid.
991 2075 1018 2129 iu
1038 2073 1107 2130 lhid.
1130 2091 1173 2130 vs.

188 2169 255 2234 523,
279 2162 313 2217 cl.
330 2162 424 2217 Horat.
441 2159 526 2232 Epist.
543 2162 620 2231 ΙΙ,-3,
634 2166 683 2224 79;
707 2162 757 2218 sed
774 2167 804 2216 ut
819 2161 846 2215 iu
863 2158 947 2229 odis,
970 2157 1011 2214 sic
1026 2158 1053 2212 iu
1068 2157 1175 2229 Epodis

189 2262 322 2318 respuens
346 2244 511 2300 imitatorum
532 2261 642 2301 servum
664 2262 766 2317 pocus,
788 2240 923 2300 ‘Libero'
944 2241 1133 2314 iuquit'Epist.
1151 2241 1175 2310 Ι,

190 2336 237 2401 19,
253 2337 303 2398 23,

272 2424 387 2482 ‘Libero
401 2443 451 2498 per
466 2442 581 2482 vacuum
595 2426 676 2498 posui
693 2424 815 2495 *vestigio
831 2424 977 2496 princeps,

270 2511 329 2566 Non
347 2511 437 2566 olisna
453 2527 514 2566 meo
530 2511 621 2582 pressi
637 2509 723 2582 pedm
747 2508 793 2578 qui
809 2508 863 2564 sibi
879 2507 953 2576 lidit,

271 2595 332 2648 Dux
348 2593 425 2664 regit¹
439 2610 561 2650 examen.
606 2593 705 2648 Parios
720 2607 773 2662 ego
788 2591 890 2663 primus
905 2589 1007 2646 iambos
1104 2625 1112 2650 r

272 2675 385 2735 Ostendi
401 2677 494 2746 lotio,
509 2689 637 2730 numeros
650 2677 806 2746 animosque
820 2681 931 2732 secutus

270 2759 438 2828 Archilochi,
456 2775 510 2816 nou
527 2775 572 2814 res
589 2764 617 2813 ct
633 2761 745 2829 agentia
763 2759 849 2815 verbo
864 2759 1026 2827 lycumbcu.

270 2842 312 2897 Ac
327 2860 360 2898 nc
376 2861 417 2899 me
434 2843 510 2918 loliis
525 2842 589 2898 ideo
605 2842 783 2899 brevioribus
798 2858 897 2911 ornes,
987 2904 989 2912 ,

271 2925 350 2992 Quod
365 2927 440 2983 timui
455 2927 561 2981 'mutare
579 2926 675 2981 modos
694 2932 721 2981 et
737 2926 864 2982 carminis
881 2931 980 2982 artem:
1045 2973 1047 2978 .
1163 2937 1170 2966 t

271 3010 415 3081 Temperat
427 3009 590 3065 Archilochi
607 3025 710 3065 musam
724 3010 795 3082 pede
810 3010 930 3066 musculo
947 3006 1076 3080 Suppho'
1094 3014 1147 3063 cto.

186 3105 302 3178 Propter
316 3107 386 3162 huuc
400 3107 490 3162 locum
501 3107 642 3176 ambigunt
657 3105 710 3163 tiri
723 3107 813 3177 docti,
829 3113 916 3162 utrum
928 3104 1057 3162 Horatius
1070 3105 1172 3160 librum
1271 3071 1272 3124 ³

186 3189 301 3262 Epodon
316 3192 370 3246 hoc
390 3191 452 3262 ipso
468 3189 593 3261 nomino,
616 3189 834 3257 columborum,
856 3196 885 3244 ot
900 3189 986 3262 Epod.
1004 3194 1052 3259 14,
1067 3194 1092 3248 7.
1116 3187 1169 3244 Od.
1271 3201 1272 3204 ’

109 3307 112 3314 ⁴
186 3273 208 3342 Ι,
226 3279 268 3343 to,
282 3281 307 3333 3.
323 3279 364 3332 24.
387 3274 473 3346 Epist.
492 3273 843 3346 ll‚2‚59‚iuscripscrit.
888 3273 948 3344 Ego
965 3273 1074 3343 quidem
1090 3271 1170 3344 Epo-

186 3356 239 3412 don
260 3373 357 3414 nomen
375 3374 390 3413 a
407 3357 591 3435 grammaticis
613 3364 640 3414 ct
654 3359 775 3414 metricis
799 3358 872 3413 libro
892 3357 1007 3416 inditum
1027 3373 1090 3414 csso
1106 3372 1171 3412 oum
