2556 3990
426 204 459 265 o.
481 203 627 254 nonaum
648 176 784 257 nonunt.
988 205 1100 270 xxm
1133 165 1138 173 ἱ
1226 179 1227 186 ¹

114 345 272 441 gnarures·
286 360 399 435 Legitur
414 363 487 420 enim
505 363 609 428 invita
619 363 742 422 Horatii:
771 360 834 430 ‘Ad
849 379 895 421 uos
909 369 1099 424 annueretu-
1137 335 1138 338 Ἴ

113 449 310 521 imperanter
325 443 499 502 truditur³
509 489 518 516 ,
532 447 713 518 sequiturque
725 450 847 508 narratio
864 449 1098 521 immanissima,
1187 512 1189 516 ,

113 553 169 608 qua
186 533 275 604 turpis
288 531 394 588 macula
409 536 510 602 potitae
525 531 710 602 adspergitur.
745 531 801 588 Sed
818 523 1021 592 narratiuncula
1034 534 1099 604 ista,

113 627 146 674 ut
158 616 312 675 manifestis
329 615 496 690 argumentis
508 610 805 688 Lessing·(liettungen
819 618 869 674 des
883 613 990 690 Horou)
1005 623 1099 675 osten.

114 703 173 771 dit,
195 719 210 757 a
224 699 401 770 grammatino
425 699 540 769 quodam
555 699 611 754 uel.
622 701 754 756 monaulon
769 699 893 770 insulso,
917 701 997 763 dueta
1014 717 1029 757 e
1048 701 1099 758 se.

9 827 11 850 ,
114 801 202 840 nouae
218 783 414 850 Quaestionum
431 782 592 838 naturalium
608 782 630 851 1,
644 786 694 851 16,
711 783 760 838 ubi
775 777 870 842 euderu
885 789 1030 840 narrantur
1045 789 1104 852 non*

9 869 10 900 ³
114 871 151 925 de
165 868 297 936 Horatio,
312 867 362 922 sed
377 866 411 921 de
426 866 525 926 Hostin
541 865 797 936 quodam,.aequali
808 867 943 938 Augusti,
962 868 1024 938 qui,
1040 885 1100 934 oqui
1162 867 1164 872 ’

95 947 98 954 ’
115 971 134 1009 u
150 951 239 1008 servis
256 951 315 1006 ¹sois
335 949 614 1020 homonequissimus
630 949 822 1020 sustineretur,
843 951 1022 1010 nevindieta
1040 952 1100 1023 qui-

115 1037 257 1091 demeum
277 1034 388 1104 dignum
410 1033 561 1102 iudicavit,
581 1033 685 1093 inserta
708 1039 751 1088 est
765 1033 872 1098 Horatii
886 1035 969 1092 vitae.
1003 1033 1100 1106 Augu-
1165 1039 1167 1048 “

80 1142 82 1147 ’
115 1125 176 1174 stus
192 1123 296 1193 nutem,
319 1113 557 1187 qui‘indomitam
575 1133 658 1178 ausu-s
674 1123 717 1172 est
731 1117 880 1174 Refrenare
899 1118 1101 1178 liuentiam'et

95 1201 260 1258 '‘ordinerir
282 1201 395 1256 Rectum
418 1199 546 1270 evaganti
567 1200 644 1258 frena
669 1200 799 1268 licentiae
821 1201 920 1271 iniecit
943 1203 1099 1273 emovitque

115 1284 230 1358 ,eulpas'
252 1281 317 1358 (οᾱ.
337 1284 389 1352 lll,
404 1289 453 1353 24,
472 1287 515 1342 29.
539 1283 662 1352 lV,15,
683 1287 700 1340 9
717 1299 795 1354 seqq.
818 1283 906 1356 Epist.
928 1283 972 1353 ll,
987 1291 1019 1354 1,
1041 1289 1101 1343 23
1162 1319 1164 1333 ·

116 1368 183 1424 noll.
206 1367 319 1424 Sueton.
340 1367 412 1438 Aug.
433 1371 478 1428 nt.
500 1371 542 1424 ut.
564 1370 608 1424 34.
621 1372 673 1432 242.
697 1371 740 1424 tu.
762 1363 827 1440 73),
851 1367 952 1438 quique
973 1366 1100 1424 Ouidium
1152 1408 1153 1420 .

116 1452 227 1507 leuiore
245 1452 278 1506 de
295 1467 377 1506 eausa
392 1450 479 1506 exilio
495 1449 603 1520 alieeit,
623 1467 766 1521 numquam
781 1449 939 1519 Horatium,
954 1466 1100 1532 quemxpu-
1144 1505 1146 1512 ⁴

115 1537 255 1590 rinnimnm
272 1549 371 1604 penem
389 1533 486 1590 ioeose
502 1534 667 1606 appellauit,
691 1535 718 1588 in
740 1534 888 1592 amioorom
905 1533 1036 1589 oiroulum
1052 1534 1100 1590 ad-

115 1617 255 1687 misisset,
278 1619 303 1674 si
318 1614 424 1689 ‘turpis
441 1623 469 1672 et
483 1633 583 1674 exeors
598 1617 715 1684 vixisset
729 1617 808 1674 oanis
822 1614 1001 1673 immundus'.
1044 1617 1101 1672 Ve-
1164 1607 1167 1616 ’

116 1719 176 1758 rum
194 1708 271 1770 esto,
290 1701 415 1758 Suetonii
433 1702 496 1757 loeo
511 1707 620 1772 pettam
636 1717 690 1758 non
706 1701 798 1771 tangi,
821 1717 910 1760 nonne
924 1701 986 1774 ipse
1002 1700 1101 1760 earmi—
1189 1715 1200 1728 ‘

117 1784 199 1846 nitus
228 1781 285 1840 edis
310 1787 453 1842 multarum
474 1786 626 1857 puellarum
650 1801 756 1844 amores
783 1785 950 1843 celebrando
977 1785 1101 1855 arguitur

117 1861 304 1924 mulierosus?
322 1868 432 1940 „Neque
447 1870 501 1925 hoo
514 1870 669 1926 uonoedere
685 1869 780 1927 ausim.
814 1868 881 1928 Num
895 1873 971 1924 reete
988 1873 1101 1938 eonten-

118 1953 195 2007 disse
207 1952 334 2008 videntur
349 1952 404 2008 viri
419 1952 510 2021 dooti,
526 1951 823 2023 Horatium‚.quarnuis
835 1951 961 2023 alioquin
978 1951 1012 2008 ab
1027 1967 1101 2018 amo-

118 2035 197 2092 ribus
214 2035 323 2090 miuime
344 2036 553 2104 abhorrentem,
575 2040 664 2092 tamen
684 2051 738 2090 uon
753 2035 834 2091 modo
850 2053 905 2092 nou
921 2050 1027 2090 amasse
1044 2050 1101 2089 onu-

120 2135 171 2172 nes
182 2118 243 2174 illus
259 2118 382 2190 puellas,
399 2119 432 2174 de
449 2118 547 2201 quibus
563 2118 713 2187 oeoinerit,
729 2135 825 2176 uerum
841 2120 923 2174 otiam
936 2117 1027 2176 omnia
1042 2117 1101 2180 lere
1132 2167 1137 2176 ,

118 2201 238 2256 illarum
253 2202 380 2271 uomina,
410 2201 435 2256 si
458 2201 604 2272 exceperis
627 2201 752 2260 Cinaram
767 2205 842 2262 xvore
867 2203 900 2258 ab
923 2217 957 2256 eo
978 2195 1102 2269 amatam,

82 2335 85 2346 ,
118 2284 191 2340 adde
204 2285 287 2341 etiam
304 2285 407 2342 Chloen
424 2291 451 2339 et
466 2284 574 2354 Lyden„
590 2285 699 2357 pottiee
715 2286 899 2353 oontinnisse,
916 2277 1044 2353 itemque
1060 2283 1101 2337 iu-

118 2367 208 2422 dieari
230 2375 362 2440 oportere
382 2369 416 2424 de
432 2367 562 2437 ligurino
584 2365 650 2443 (Od.
667 2364 777 2442 tur).
822 2368 968 2433 Praeterea
989 2382 1101 2424 monen-

119 2451 183 2506 dum
199 2456 256 2518 est,
281 2452 415 2508 eiusmodi
435 2451 554 2508 earmina
576 2451 731 2521 amatoria,
747 2453 776 2508 in
796 2452 894 2522 quibus
915 2465 1017 2504 morem
1034 2465 1101 2504 suae

119 2533 220 2588 aetatis
241 2535 382 2605 sequitur,
410 2535 574 2608 praesertim
592 2551 673 2606 quum
693 2535 748 2590 sint
770 2536 804 2592 ad
826 2535 993 2590 Graecorum
1012 2532 1101 2587 imitu-

118 2615 223 2672 tiouem
240 2619 408 2690 composita,
426 2618 567 2674 maximam
583 2623 689 2690 partem
703 2619 771 2674 nihil
787 2635 865 2686 esse,
887 2617 940 2671 nisi
956 2631 1047 2678 ruerus
1058 2615 1102 2670 iu-

120 2699 198 2768 genii
215 2691 308 2770 lusus,
331 2706 359 2755 et
376 2697 520 2779 eruerem
535 2699 691 2772 Horatium,
715 2703 788 2774 quod
810 2708 852 2757 est
872 2700 944 2772 apud
961 2698 1101 2754 Ouidium:

120 2777 229 2852 ‘Crede
245 2784 326 2854 mihi,
349 2784 451 2841 distant
465 2799 556 2840 mores
572 2803 587 2841 a
605 2786 725 2842 carmine
741 2785 846 2854 nostri,
865 2784 929 2839 Vita
945 2781 1102 2839 verecunda

119 2869 179 2934 est,
195 2865 271 2921 llusa
286 2867 382 2923 iouosa
398 2865 483 2923 mea'.
528 2868 621 2939 Neque
635 2869 664 2924 id
679 2875 756 2926 reete
771 2868 879 2924 urimini
893 2872 1034 2922 verterunt
1047 2865 1103 2920 Ho-

118 2947 209 3018 ratio,
234 2949 307 3019 quod
327 2956 410 3006 totam
430 2951 513 3006 vitain
532 2953 664 3022 ‘exegerit
683 2952 817 3008 oaeliirem
841 2948 906 3026 (Od.
924 2951 981 3027 lll,
1000 2949 1032 3020 8,
1055 2946 1102 3023 1);
1133 2965 1134 2972 ’

119 3036 182 3086 erat
197 3031 268 3086 enim
282 3033 405 3090 infirmae
419 3035 585 3091 valetudinis
603 3032 705 3110 (Epod.
719 3036 741 3104 Ι,
753 3041 794 3094 16.
812 3033 898 3106 Epist.
915 3034 937 3104 l,
954 3037 980 3103 7,
992 3039 1009 3092 3
1023 3042 1100 3104 seqq.

118 3119 153 3172 ut
168 3131 248 3186 seqq.
271 3116 307 3170 ul.
324 3116 412 3188 Epist.
427 3122 445 3176 8
460 3124 488 3172 ει
502 3113 551 3192 15)
567 3124 706 3188 totumque
721 3135 753 3174 se
767 3119 856 3174 literis
866 3117 1023 3175 addixerat.
1063 3167 1065 3172 ,
1140 3143 1147 3153 .

204 3199 314 3268 Restat,
328 3206 358 3257 ut
374 3201 408 3256 de
425 3207 540 3258 externo
556 3208 655 3273 potitae
669 3201 763 3258 habitu
780 3220 812 3259 ae
827 3202 899 3258 faeie
916 3214 1003 3272 penna
1019 3199 1102 3256 addu-
1190 3219 1193 3228 ¹

118 3297 187 3351 mus.
232 3283 358 3353 Legimus
372 3290 461 3340 autem
476 3286 505 3341 in
520 3285 577 3342 vita
591 3285 651 3342 eius
667 3302 682 3341 e
698 3284 836 3344 Suetonio
846 3285 1002 3355 conseripta
1017 3283 1102 3340 haee:

119 3362 240 3422 ‘Habitu
253 3369 378 3438 eorporis
392 3367 637 3442 transeuntque
650 3367 761 3440 obesus,
773 3370 861 3442 quatu
875 3373 901 3424 et
914 3383 933 3422 o
946 3372 1029 3422 semet
1043 3368 1103 3440 apso
