2526 3986
91 224 160 291 [sut.
178 221 250 288 [2]
491 216 601 278 LIBER
617 216 653 277 ll.
891 275 896 282 ,
993 215 1054 282 lta

175 366 293 429 lneutiat
304 369 353 428 tibi
366 367 433 446 quid
443 377 600 429 sanetarum
611 369 721 428 inscitia
732 366 854 445 legumr

175 452 206 511 Si
218 450 289 512 mala
300 451 457 511 condiderit
466 454 495 512 in
515 470 598 530 quem
613 453 678 531 quis
688 453 826 528 earmina,
839 452 883 512 ius
898 460 942 511 est

175 532 377 614 Iudiciumque.
400 534 508 598 Horat.¹
519 535 607 612 Esto,
621 537 645 594 si
661 536 724 612 quis
735 533 819 604 maln;
831 535 882 594 sed
893 535 967 595 bona

664 636 701 678 ·s1
716 635 778 696 quis

174 701 270 762 ludiee
284 701 440 762 condiderit
450 701 577 776 laudatus
593 698 737 777 Caesare?
749 702 772 759 si
785 702 848 780 quis

175 785 341 863 opprobriis
353 785 466 864 dignum
478 785 633 860 latraverit,
651 787 763 861 integer
773 781 858 861 ipse?
1005 787 1050 864 ,86

177 867 297 931 Trebel.
320 869 471 931 solventur
480 873 537 930 risu
549 868 677 945 tabulae,
690 877 720 927 tu
730 868 832 926 missus
844 867 943 927 abibis.

492 1031 647 1040 ----—--

444 1149 630 1228 samium
645 1171 698 1226 11.

173 1282 253 1357 Quae
267 1283 355 1345 uirtus
369 1291 399 1349 et
410 1290 526 1360 quanta,
540 1281 606 1342 boni
617 1326 626 1358 ,
638 1265 674 1341 sil
685 1283 783 1342 viuere
795 1297 892 1358 paruo,
906 1315 920 1324 -

171 1367 318 1427 Neomeus
329 1367 376 1426 hio
389 1383 482 1426 sermo
494 1365 607 1438 estred
620 1384 693 1445 quae
704 1365 850 1443 praeuepit
861 1362 971 1423 Ofellus
1053 1407 1057 1411 .

171 1450 320 1526 Rusticus,
337 1450 477 1510 abnormis
489 1451 602 1528 sapiens
614 1462 765 1528 orasseque
777 1447 912 1526 Minerva,
925 1479 936 1492 ·

170 1534 280 1594 Discite
291 1550 347 1595 non
358 1536 431 1594 inter
442 1532 538 1600 lances
549 1550 718 1612 mensasque
728 1535 861 1608 nitentes,

172 1615 242 1678 Cum
254 1627 349 1695 stupet
362 1618 466 1678 insonis
478 1618 555 1676 acies
567 1615 726 1695 fulgoribus
738 1625 767 1676 et
783 1633 845 1675 oum
1026 1615 1045 1678 d

170 1701 295 1762 Aoelinis
307 1701 386 1762 falsis
398 1703 504 1763 animus
519 1699 636 1761 meliora
647 1709 770 1776 recusat,

170 1785 274 1845 Verum
288 1785 336 1844 hie
346 1785 478 1863 impransi
489 1802 599 1843 meeum
610 1783 767 1862 disquirite.
790 1781 847 1843 Cur
858 1781 933 1843 hoo?

169 1869 285 1944 Dicam,
298 1871 323 1928 si
338 1877 449 1946 potero.
471 1866 546 1928 lllale
557 1884 654 1926 verum
667 1869 803 1928 exarninat
815 1869 904 1928 omnis

171 1951 327 2031 Corruptus
337 1951 431 2011 iudex.
453 1950 591 2028 Leporem
602 1958 725 2011 sectatus
739 1968 851 2029 equove

169 2035 319 2096 lassusub
333 2033 597 2109 indomito,rel,si
608 2032 733 2096 Romana
744 2035 843 2112 fatigat
1000 2037 1045 2096 ‘10

169 2118 268 2179 llilitia
280 2117 426 2178 adsuetum
435 2119 578 2196 graecari,
595 2135 647 2177 seu
659 2117 716 2195 pila
725 2117 811 2178 uelox

168 2201 293 2262 Molliter
304 2209 445 2261 austerum
457 2199 548 2260 studio
561 2197 675 2272 fallente
687 2200 813 2272 laborem
899 2239 901 2246 ,

169 2285 227 2350 Seu
242 2295 270 2345 te
282 2285 377 2345 disens
389 2286 464 2362 agit,
477 2293 546 2362 pete
557 2282 706 2344 cedentem
716 2291 782 2344 adra
797 2283 892 2344 diseo:
973 2335 975 2342 ,

169 2368 240 2431 Gum
250 2369 331 2430 labor
342 2367 480 2434 extuderit
493 2364 617 2436 lastidia;
629 2370 739 2443 sioous,
752 2369 841 2426 inanis

169 2454 279 2532 Sperne
290 2454 382 2513 eibum
393 2451 561 2528 vilem,nisi
572 2449 712 2526 Hymettia
725 2449 808 2511 mella
818 2449 938 2510 Falerno
1004 2455 1041 2516 15

168 2537 213 2608 lle
227 2537 334 2598 biberis
346 2536 441 2596 diluta.
463 2535 546 2596 Foris
558 2543 602 2594 est
613 2551 742 2612 promus,
757 2543 786 2594 et
800 2543 888 2594 atrum

167 2619 331 2682 Defendens
343 2623 439 2698 pisces
449 2621 552 2680 hiemat
563 2637 653 2678 mare:
667 2637 729 2680 eum
742 2617 801 2678 sale
813 2619 893 2696 panis

166 2704 323 2765 innantem
335 2705 507 2765 stomachum
516 2703 590 2762 bene
602 2702 699 2762 leniet.
720 2701 801 2764 Unde
812 2711 893 2779 putas
904 2711 950 2763 aut

169 2786 224 2861 Qui
240 2785 368 2867 partum?
381 2786 446 2848 Non
458 2790 487 2848 in
502 2803 567 2848 earo
581 2784 679 2848 nidore
692 2785 824 2862 voluptas

168 2873 295 2950 Summa,
309 2871 360 2931 sod
371 2873 400 2931 in
409 2880 439 2931 te
449 2874 514 2950 ipso
530 2880 582 2930 est.
606 2869 647 2930 Tu
660 2871 841 2949 pulmentaria
855 2887 959 2949 quaere
1002 2874 1043 2936 20

168 2954 314 3016 Sudundo:
330 2959 462 3034 pinguem
473 2957 548 3014 vitiis
558 2954 708 3033 albumque
724 2971 817 3032 neque
829 2961 924 3014 ostrea

167 3037 230 3098 Neo
241 3057 338 3100 scarus
349 3049 396 3100 aut
405 3042 509 3117 poterit
520 3040 669 3116 peregrina
680 3040 777 3098 iuuare
788 3035 891 3115 lagois.
924 3092 926 3100 ,

165 3121 221 3182 Vix
232 3132 324 3183 tamen
337 3125 468 3202 eripiam,
481 3123 575 3201 posito
587 3138 697 3200 pavone
706 3119 779 3181 uelis
791 3121 858 3199 quin

96 3255 99 3261 Α
166 3203 229 3265 lloo
242 3209 336 3284 potius
349 3225 431 3286 qnam
441 3206 544 3285 gallina
558 3214 673 3284 tergere
684 3203 816 3283 palatum,

167 3287 413 3368 Corruptusvanis
428 3309 538 3367 rerum,
554 3291 810 3368 quiauenoatauro
935 3359 940 3366 ,
971 3351 973 3356 ,
1002 3291 1041 3356 25
