2536 3986
78 173 209 276 [daea]
461 201 571 266 bttttttt
585 203 636 266 111.

231 355 262 416 Sr
273 355 334 436 figit
344 355 534 418 adamantinas
1023 366 1042 426 5
1159 416 1167 430 ,

279 439 400 500 Summis
410 443 565 502 verticibus
578 441 638 503 dira
648 442 811 504 Necessitas
828 450 829 456 ’
1258 439 1259 452 ’

229 521 540 600 Glavos‚nerranimmrr
551 535 637 602 metu,

164 623 167 630 ·
279 606 344 668 Nou
355 611 453 668 mortis
469 609 578 689 laqueis
590 609 727 688 expedies
739 621 834 690 eaput.

209 711 214 721 ·
231 688 415 770 Campestres
429 693 530 754 melius
543 694 679 770 Seytbae,

281 775 407 849 Quarum
420 776 543 854 plaustra
553 793 640 854 vagas
651 780 705 838 rite
714 779 824 840 trabunt
836 780 946 860 domos,
1004 786 1043 848 10

229 859 334 920 Vivant
345 869 374 920 et
384 861 467 938 rigidi
486 860 586 938 Getae,
1031 877 1033 882 '

279 942 424 1022 immutata
435 946 536 1024 quibus
547 949 646 1024 iugera
660 944 764 1007 liberas

228 1026 338 1106 Fruges
350 1037 379 1088 et
394 1027 529 1089 Cererem
544 1029 647 1106 ierunt,
712 1047 714 1052 ’

279 1110 342 1172 Nee
355 1111 463 1174 cultura
477 1113 572 1191 plaeet
584 1101 698 1194 loagrbr
707 1133 807 1191 annua,

227 1195 454 1277 Deiunetumque
469 1197 612 1258 laboribus
1004 1203 1042 1262 15

280 1279 400 1360 Aequab
410 1290 522 1342 recreat
532 1291 609 1342 sorte
625 1283 758 1342 vicarius.
775 1313 786 1326 ·

229 1362 292 1432 Illie
304 1374 392 1426 matre
404 1367 564 1426 carentibus

278 1445 417 1526 Privignis
426 1449 529 1509 mulier
538 1459 677 1528 temperat
690 1452 838 1527 innobans,

228 1530 292 1592 Nee
304 1530 397 1592 dotata
407 1535 481 1610 regit
490 1536 581 1594 virum

280 1614 400 1694 Coniux,
420 1635 475 1677 nee
492 1617 799 1679 nitidobditadultera.
1004 1621 1044 1682 20
1140 1617 1141 1626 ’

219 1698 461 1780 'Dosestmagna
475 1703 632 1780 parentium
662 1729 681 1774 ¹.

282 1783 375 1844 Virtus
387 1793 417 1844 et
426 1794 555 1846 metuens
568 1785 741 1846 alteriusmri

231 1865 318 1928 Certo
330 1867 450 1928 foedere
462 1871 588 1945 castitas,

130 2026 134 2034 Ι
280 1950 318 2012 Et
328 1969 451 2030 peceare
469 1953 550 2012 nefas
562 1961 609 2016 aut
620 1955 741 2031 pretium
754 1962 798 2013 est
808 1957 890 2016 mori.
910 1987 920 1998 ·

230 2035 485 2114 Oquisquisvaiet
500 2038 600 2114 impias
1003 2039 1042 2102 25

125 2181 128 2196 ,
280 2116 393 2179 Caedes
406 2126 436 2179 at
448 2119 555 2179 rabiem
567 2120 670 2180 tallere
683 2123 811 2198 civicam,

231 2203 261 2263 Si
274 2211 392 2282 quaeret
405 2200 527 2263 PATER
542 2201 686 2264 URBIVM

280 2285 426 2348 subscribi
438 2289 557 2364 statuis,
580 2287 740 2348 indomitam
752 2289 852 2349 audeat

228 2370 385 2432 Refrenare
395 2369 548 2446 licentiam

273 2453 373 2537 Clarus
385 2457 572 2534 postgenitis:
595 2464 733 2534 quatenus
745 2487 756 2501 ·
768 2457 824 2515 beu
834 2456 915 2516 nefas
928 2455 935 2515 i
948 2485 959 2499 ·
1002 2458 1044 2521 30

230 2541 368 2601 Virtutem
377 2538 547 2600 ineolumem
560 2538 680 2616 odimus,

191 2621 193 2626 ’
279 2622 422 2685 Sublatam
437 2641 474 2682 ex
485 2622 577 2684 oeulis
588 2626 747 2702 quaerimus
761 2624 857 2684 invidi.

231 2707 307 2782 Quid
320 2710 416 2768 tristes
435 2709 638 2787 querimoniam

282 2792 313 2852 Si
328 2807 384 2852 uon
398 2790 540 2869 supplicio
556 2791 638 2870 eulpa
651 2790 800 2860 redditum

167 2899 171 2914 ·
231 2875 306 2951 Quid
315 2873 398 2954 leges
410 2877 471 2935 sine
486 2874 611 2935 moribus
997 2876 1042 2938 *35

281 2960 377 3020 Vanae
389 2955 562 3036 proficiunt?
590 2959 622 3018 Si
637 2975 731 3035 neque
746 2957 864 3018 fervidis

230 3043 297 3105 Pars
308 3041 418 3104 irrelusa
432 3043 572 3104 ealoribus

281 3123 378 3188 Mundi
389 3145 443 3187 nee
461 3127 568 3187 boreae
580 3127 723 3188 finitimum
732 3124 805 3186 latus
838 3118 843 3132 ‘

185 3200 190 3214 '
231 3211 413 3290 Durataeque
426 3210 580 3271 selouives

282 3295 469 3356 Mereatorem
480 3296 611 3373 abigunt,
625 3292 737 3354 horrida
754 3283 871 3426 fflffidd*
1003 3292 1044 3356 40
1067 3276 1070 3281 ’
