2556 3990
77 2063 214 2124 Χ15

559 266 760 330 GARtssNUtl
805 255 812 278 ''
981 269 1138 347 [deest]

575 451 675 509 onir
692 431 736 505 v.

524 585 570 637 AD
586 585 778 638 PYRRHAM.

349 686 421 762 Quis
431 685 518 748 mults
529 687 644 766 gracilis
655 697 686 747 te
699 706 772 768 puer
781 691 810 749 in
821 706 888 750 rosa
951 742 956 748 .
1075 684 1078 692 '

346 771 480 833 Perfusus
492 770 606 850 liquidis
620 780 704 850 urget
715 772 851 834 odoribus
969 802 972 814 =

398 853 494 932 Grato,
511 853 627 932 Pyrrha,
638 855 691 915 sul)
702 854 803 916 antro?

448 936 500 999 Cui
517 939 617 1000 flavam
626 939 733 1017 religas
746 956 866 1017 comam,

877 1027 889 1058 θ

352 1089 479 1170 Simplex
489 1087 652 1150 munditiis?
673 1090 737 1152 lieu
752 1095 865 1172 quoties
877 1091 960 1152 fidem

346 1171 527 1252 llutatosque
538 1174 609 1234 deos
621 1173 710 1252 debit,
723 1185 751 1236 et
761 1193 869 1257 espera'

306 1263 308 1268 ’
397 1257 493 1338 Nigris
504 1274 628 1337 aequora
637 1261 730 1318 ventis

446 1339 615 1402 [imitabitur
628 1341 766 1432 insidere,

346 1492 401 1567 Qui
412 1509 486 1553 nune
498 1500 529 1552 te
542 1491 643 1551 fruitur
654 1491 786 1553 credulus
800 1510 896 1568 aures,
961 1485 967 1496 '
1016 1509 1019 1516 ·

347 1576 404 1651 Qui
416 1592 530 1654 semper
539 1591 666 1653 vacuam,
679 1592 795 1654 semper
803 1574 950 1638 amabilem
960 1571 968 1600 ¹

396 1659 509 1738 Sperat,
524 1659 640 1718 nescius
652 1677 738 1720 aurae

442 1740 579 1803 Fallacisl
599 1741 708 1819 Miseri,
722 1742 824 1822 quibus

344 1891 482 1955 Intentstr
493 1890 580 1952 nites!
600 1861 754 1953 Metabula
764 1909 848 1955 sacer
913 1901 923 1972 ζ

344 1975 447 2038 Votive
459 1977 552 2054 paries
562 1974 667 2036 indicat
677 1976 761 2038 uvida

393 2059 586 2139 Suspendisse
601 2061 710 2137 potenti

439 2143 615 2204 Vestimenta
626 2144 711 2205 maris
724 2144 790 2206 deo.

583 2339 722 2348 ——-—-

563 2467 663 2531 o'mit
679 2471 745 2529 Vl.

389 2588 436 2642 dr>
452 2545 916 2643 sr.v1rssrrrerrserrrr'rrr.

276 2688 415 2751 Seribsris
425 2689 511 2752 Vario
524 2691 606 2751 lortis
620 2701 650 2752 et
663 2689 784 2753 hostium

277 2769 385 2850 Victor,
399 2771 522 2835 llaeonii
539 2777 668 2836 carminis
681 2775 758 2852 alite,

12 2929 18 2944 ‚
142 2895 149 2906 -
278 2852 367 2927 Quam
380 2875 440 2916 rem
451 2875 561 2938 ermque
574 2859 658 2920 ierox
670 2859 788 2920 navibus
800 2865 847 2919 aut
857 2859 938 2937 equis
1023 2902 1054 2950 ,⁴
1118 2839 1123 2858 '

337 2937 422 3000 lliles
436 2949 465 3001 te
476 2940 549 3002 dues
559 2945 692 3022 gesserit.

275 3083 347 3165 Nos,
360 3087 498 3170 Agrippa,
510 3112 605 3173 neque
615 3093 687 3154 haee
703 3092 810 3171 dicere,
823 3109 878 3154 nee
886 3101 1002 3170 gravem

274 3169 388 3233 Pelidae
401 3177 574 3238 stomachum
586 3177 690 3238 cedere
700 3179 801 3253 seseli,

274 3252 338 3315 Nee
349 3273 448 3342 sersus
460 3257 580 3338 duplicis
592 3279 644 3339 per
653 3279 729 3322 mere
739 3259 843 3336 Ulixei,

337 3339 400 3401 Nee
413 3359 526 3402 saevam
538 3342 653 3422 Pelopis
665 3344 777 3404 domum
