2526 3986
134 235 203 312 [stt.
217 237 253 312 t.]
482 289 484 296 ,
524 232 634 311 LIBER
644 234 681 295 11.
1034 235 1094 300 let

132 385 260 446 Aedibus
272 405 308 447 ex
318 390 426 466 magnis
440 387 533 450 subito
545 406 577 446 se
590 388 741 465 conderet,
756 388 829 449 unde

132 469 262 530 Mundior
273 473 364 530 exiret
374 474 422 532 vix
432 471 578 532 libertinus
590 472 723 539 honeste‚;

132 552 189 614 Iam
202 555 339 614 moechus
350 555 474 632 Romae,
492 557 546 614 iam
557 553 650 614 mallet
663 554 762 613 doctor
774 554 892 616 Athenis

130 637 255 714 Vivere,
269 637 445 712 Vertumnis,
463 647 601 716 quotquot
614 639 697 718 sunt
709 641 808 697 natus
800 638 912 717 iniquis.

132 721 234 781 Scurra
248 721 433 799 Volanerius,
451 731 600 802 postquam
616 721 675 781 itti
667 729 739 780 ruste
751 722 884 800 cheragra
1053 723 1091 790 15

132 803 265 865 Contudit
279 806 432 882 articulos,
449 809 496 884 qui
508 823 568 892 pro
572 823 604 864 se
615 805 730 865 tolleret
740 814 824 882 atque

129 887 277 948 Mitteret·
269 909 297 949 m
309 890 431 968 phimum
443 890 531 966 talos
548 882 681 948 mercede
693 887 790 948 diuma

90 983 93 991 '
131 969 307 1033 Conductum
318 977 408 1052 pamt
428 982 530 1052 quanto
544 963 717 1032 constantior
732 971 821 1032 isdem

129 1053 161 1115 ln
173 1057 264 1134 vitiis,
279 1065 355 1116 tanto
368 1057 459 1116 levius
470 1060 556 1116 miser
564 1070 600 1117 ac
612 1057 690 1136 prior
700 1055 761 1132 itte,

131 1139 206 1212 Qui
198 1159 252 1199 ram
264 1144 434 1218 contento,
426 1160 480 1202 ram
493 1141 556 1200 laxo
569 1141 635 1200 inne
647 1140 763 1200 laborat.
1051 1151 1091 1212 20
1201 1154 1204 1164 '

128 1221 273 1284 Her.Non
285 1223 363 1284 dices
374 1225 472 1302 hodie,
485 1243 619 1303 quorsum
629 1224 701 1284 haec
712 1233 768 1282 tam
779 1223 874 1300 putida
884 1223 1007 1300 tendant,

129 1305 277 1367 Furcifer?
303 1308 495 1386 Darnhdte,
519 1311 640 1387 inquarh.
663 1307 736 1370 Her.
753 1306 816 1380 Quo
829 1316 923 1384 pacto,
943 1325 1008 1385 pes·
1128 1375 1130 1380 ¹

633 1389 724 1451 sime?
746 1389 946 1452 Duo.Laudas
1048 1433 1050 1437 ,

127 1471 276 1535 Fortunam
289 1485 318 1536 et
328 1493 422 1536 moros
434 1479 564 1555 antiquae
577 1477 692 1555 plebis,
711 1485 740 1535 et
752 1474 835 1551 idem,
944 1532 947 1539 .

56 1625 62 1635 ,
128 1558 158 1618 Si
171 1561 234 1637 quis
251 1557 344 1620 odilla
360 1560 430 1620 dens
442 1561 534 1620 subito
549 1571 577 1620 te
591 1570 673 1638 agat,
691 1577 782 1642 usque
793 1577 922 1634 recuses,
1006 1593 1008 1608 t

126 1642 182 1701 Aut
194 1645 259 1721 quia
271 1660 328 1703 non
339 1647 445 1722 sentis,
460 1645 537 1724 quod
549 1645 663 1718 clamas,
677 1646 782 1703 rectius
794 1661 870 1718 esse,

126 1725 183 1784 Aut
197 1729 328 1804 quianon
339 1729 433 1788 firmus
444 1739 552 1789 rectum
564 1728 704 1806 detentis,
717 1736 746 1786 et
756 1728 856 1786 haeres

125 1807 322 1889 Nequidquam
335 1829 426 1872 coeno
439 1815 558 1890 cupiens
571 1811 695 1872 euellere
710 1810 839 1890 plantam.
892 1859 895 1872 .

125 1893 402 1973 Romaernsoptas3
415 1896 560 1956 absentem
573 1898 695 1955 rusticus
706 1895 805 1954 urhem

125 1975 215 2036 Tollis
226 1977 261 2036 ad
272 1988 346 2037 astra
358 1979 440 2038 levis.
473 1979 504 2038 st
519 1975 655 2057 nusquam
668 1998 699 2037 es
717 1978 790 2052 forte
804 1985 921 2035 uocatus
1030 2006 1033 2016 ι

123 2060 315 2135 Adceenam,
320 2061 700 2138 laudassecurumolusae,
715 2047 921 2138 velutusquam
997 2108 999 2117 ,
1050 2065 1090 2126 30
1159 2089 1164 2106 t

124 2144 242 2214 Vinctus
255 2162 319 2220 eus,
334 2147 371 2205 itu
382 2153 412 2203 te
424 2145 538 2205 felicem
549 2146 620 2205 diois
632 2164 776 2223 amesque,

126 2226 210 2301 Quod
220 2245 357 2306 nusquam
368 2229 418 2288 tibi
429 2232 466 2288 sit
481 2229 641 2307 potandum.
663 2227 781 2296 iusserit
792 2225 826 2286 ad
838 2245 871 2286 se
962 2228 964 2234 '

124 2309 276 2374 Maecenas
292 2313 772 2392 serumsuhluminnprimasenire
976 2325 979 2342 ¹

125 2393 280 2455 eonuvam
289 2417 300 2460 ε,
315 2396 458 2473 „Nemon'
470 2398 566 2457 oleum
577 2397 652 2457 ieret
665 2393 768 2456 ocius?
780 2395 880 2470 ecquis

125 2476 278 2555 ‚muditt“
294 2498 356 2540 cum
372 2498 476 2558 magne
485 2481 606 2541 blateras
619 2480 741 2540 clamore
752 2479 895 2556 iugisque.
972 2511 974 2516 =

123 2561 245 2622 Mulvius
257 2573 286 2622 et
297 2582 411 2638 scurrae
421 2583 435 2641 ‚¹
446 2566 496 2624 tihi
507 2582 564 2626 non
574 2564 723 2625 referenda
736 2563 853 2640 precati,

123 2646 290 2706 Discedunt.
314 2645 450 2725 „Etenim
464 2649 557 2709 fateor
567 2651 636 2708 me“
648 2648 749 2708 dixerit
760 2645 822 2716 ille,

123 2729 221 2807 „Duci
232 2740 331 2792 uentre
342 2732 435 2791 levem
446 2777 455 2810 ‚
468 2749 565 2792 nasum
579 2731 678 2792 nidore
691 2733 817 2808 supinet,

122 2812 321 2891 ‚,Imbecillus‚
341 2819 427 2889 iners,
441 2819 466 2875 si
477 2816 544 2894 quid
554 2819 609 2893 ris,
623 2816 705 2890 adde,
718 2816 835 2893 popino.
923 2871 926 2883 q

97 2911 100 2914 ·
122 2895 189 2974 „Tu
201 2915 264 2957 cum
276 2901 315 2958 sis
329 2899 405 2978 quod
419 2916 474 2978 ego
487 2910 515 2961 et
527 2901 656 2961 fortassis
668 2901 798 2977 nequior,
812 2896 883 2956 uitro

121 2980 294 3058 „insectere
305 2984 383 3044 velut
393 2984 495 3044 mehor
500 2984 675 3085 ‚veritisque
687 2983 839 3044 decoris

120 3063 290 3141 „Ohvolvas
301 3065 419 3128 vitium?
404 3065 443 3128 ?“
461 3029 551 3145 Qdid,
565 3071 589 3128 si
600 3086 646 3127 me
662 3067 795 3127 stultior
787 3047 850 3144 rpso

121 3147 289 3227 Quingentis
301 3162 377 3211 emto
389 3151 528 3212 drachmis
544 3148 750 3230 deprenderis?
763 3149 853 3209 Aufer

117 3231 166 3292 Mc
176 3232 254 3292 vultu
265 3242 387 3305 terrerc;
403 3255 512 3295 manum
524 3237 756 3312 stomachumque
767 3243 873 3311 teneto,

117 3315 201 3394 Dum,
219 3335 291 3394 quae
304 3316 427 3396 (hispidi
443 3319 538 3379 docuit
549 3338 594 3378 me
605 3320 716 3395 ianitor,
731 3317 795 3377 edo.
844 3354 848 3362 κ
873 3332 875 3338 ’
