2536 3986
134 225 202 306 [oa.
215 227 268 304 rur
462 315 466 326 x
553 229 673 322 urana

496 428 597 486 anu
610 431 730 488 xvn.
793 421 799 428 '
826 427 829 431 ’

368 538 415 590 nu
436 539 614 591 cnurnrnru
632 539 857 598 vuuuurcnru.

514 654 710 700 senarius

257 715 316 777 lam
330 720 384 776 iam
396 717 506 778 efficaci
518 718 554 777 do
570 735 666 777 manus
679 720 825 798 scientiae,

258 800 387 879 Supplex
400 810 430 860 et
441 817 492 862 oro
506 819 594 878 regna
605 819 657 879 per
668 801 864 883 Proserpinae,

256 884 310 946 Per
320 894 349 946 et
358 883 466 946 Dianae
477 902 534 946 uon
544 885 683 945 mouenda
697 887 817 963 numina,

255 969 309 1029 Per
320 978 406 1056 atque
416 967 505 1028 libras
516 971 667 1030 carminum
678 969 830 1030 valentium

255 1053 355 1114 Ratira
366 1051 449 1114 coelo
466 1051 607 1112 devocare
616 1053 725 1128 sidera,

153 1203 156 1219 ι
257 1134 386 1213 Canidia,
403 1154 489 1214 parce
501 1137 622 1196 uocibus
632 1137 744 1196 tandem
755 1139 842 1196 saeris

214 1255 217 1270 ι
257 1219 492 1298 Cilurnqueretro
506 1218 603 1295 solve,
621 1218 702 1278 solve
713 1221 866 1282 turbinem!

254 1303 343 1363 liduit
352 1313 486 1382 nepotem
497 1302 640 1383 Telephus
651 1301 796 1378 Nereiunr,

253 1386 285 1446 ln
297 1405 380 1465 quem
389 1388 528 1463 superbus
540 1386 680 1446 ordinarat
693 1389 803 1464 agrnina
886 1437 889 1442 ,

139 1514 141 1524 .
252 1470 396 1546 Mysorum
412 1479 441 1530 et
452 1466 479 1530 in¹
491 1488 574 1549 quern
587 1470 643 1530 tela
654 1479 736 1530 acuta
747 1479 877 1532 torserat.
961 1504 969 1515 -
1045 1479 1087 1543 10

251 1555 365 1614 {luxere
380 1563 483 1614 matres
497 1553 566 1613 lliae
580 1553 719 1615 addictum
732 1555 800 1615 feris

156 1707 160 1712 ¹
251 1637 373 1698 Alitibus
384 1646 469 1716 atque
480 1638 596 1698 eanihus
607 1637 773 1697 homicidam
785 1638 947 1718 Hectorem,
997 1706 998 1709 ,

251 1719 402 1800 Postquam
412 1721 519 1780 relictis
531 1722 678 1782 moenibus
689 1739 741 1780 rex
752 1725 873 1800 procidit

168 1861 172 1871 ,
251 1804 313 1864 Heu
325 1807 482 1882 pervicacis
495 1805 529 1864 ad
541 1804 795 1881 pedes'Aclrillei.‘·

252 1889 354 1948 Setaea
365 1887 441 1946 duris
457 1905 560 1947 exuere
572 1887 692 1964 pellibus

250 1971 397 2031 laboriosi
408 1973 530 2048 remiges
541 1970 634 2030 Ulixei

250 2054 371 2114 volente
384 2052 466 2113 Circa
476 2054 614 2129 membra,
626 2063 692 2114 tune
706 2073 785 2115 mens
797 2067 825 2116 et
835 2075 921 2118 senus

250 2137 391 2215 Relapsus
402 2146 485 2215 atque
503 2145 586 2196 notus
599 2141 627 2197 iu
638 2136 729 2211 uultus
742 2139 842 2200 honor.

198 2270 204 2287 ,
248 2219 324 2282 Dedi
336 2221 403 2280 satis
418 2234 561 2298 superque
571 2233 724 2298 poenarum
735 2223 797 2298 tihi,

199 2305 204 2314 ’
248 2304 347 2365 Amata
356 2305 447 2369 nautis
461 2303 575 2362 multura
588 2313 616 2362 et
627 2305 810 2366 institoribus.
999 2304 1001 2308 ’
1040 2300 1100 2374 20“

248 2388 333 2466 Fugit
343 2389 471 2447 iuventas
484 2396 512 2446 et
522 2387 700 2446 verecundus
714 2388 795 2448 color

247 2471 373 2550 Reliquit
384 2489 451 2530 ossa
462 2470 538 2547 pelle
549 2472 650 2530 amiota
659 2470 758 2549 lurida,

138 2602 140 2610 n
248 2555 315 2616 'l'uis
330 2555 448 2632 capillus
460 2553 541 2614 allrus
551 2562 596 2614 est
606 2553 750 2630 odoribus,

246 2636 809 2709 Nullumallaboremereelinatotium3
857 2671 862 2681 κ

246 2722 336 2801 Urget
347 2722 420 2782 diern
430 2739 487 2782 nox
497 2731 526 2780 et
537 2721 598 2781 dies
607 2731 734 2797 nectem,
747 2740 840 2801 neque
854 2733 898 2783 est
1037 2728 1077 2792 25
1123 2751 1126 2765 ·

245 2805 352 2871 Levare
363 2814 439 2865 tenta
450 2807 549 2883 spiritu
561 2807 735 2884 praecordia.

245 2889 324 2968 Ergo
338 2898 470 2967 negatum
480 2891 579 2949 vincor
587 2898 620 2949 ut
631 2890 742 2950 eredaru
751 2891 848 2968 miser,
859 2909 874 2938 ν

247 2972 359 3042 Sabella
371 2982 470 3051 peetus
481 2975 630 3051 inerepare
641 2975 761 3034 earmina

247 3055 395 3135 Caputque
405 3055 496 3116 Marsa
509 3057 631 3118 dissilire
642 3060 735 3118 nenia.

246 3139 321 3215 Quid
333 3140 452 3218 amplius
464 3138 530 3204 vis?
544 3140 568 3201 0
580 3159 655 3200 mare
669 3150 699 3201 et
709 3151 799 3216 terra,
816 3139 912 3220 ardeo,
1033 3144 1075 3208 30

247 3223 385 3296 Quantum
399 3241 491 3302 neque
502 3233 563 3284 atro
575 3223 714 3286 delibutus
725 3223 862 3285 Hercules
917 3298 924 3304 ⁸

147 3327 150 3331 ·
245 3307 330 3368 Nessi
342 3324 458 3384 eruore,
470 3325 525 3367 nee
537 3309 637 3368 Sicana
649 3308 756 3370 fervida
880 3387 920 3441 9*
