2526 3986
132 189 297 272 [nestun]
525 195 651 282 NLIBER
661 195 683 255 1.

448 385 694 468 uursuond
713 401 776 454 Π.
892 439 895 457 .

405 505 462 556 au
496 505 814 560 uuunnurun.

131 623 205 696 Quid
220 625 270 685 tibi
280 627 340 686 visa
354 623 457 700 Chios,
471 623 587 700 Bullati‚
604 635 727 706 notaque
737 627 857 703 Lesbos,
879 616 896 692 ,¹

131 707 205 781 Quid
216 711 352 770 concinna
364 710 479 784 Sarnos,
499 709 566 787 quid
578 707 678 770 Croesi
689 713 768 789 regia
779 711 884 788 Sardis,

130 792 247 868 Smyrna
259 793 326 872 quid
338 802 366 852 et
378 789 547 870 Colophon?
565 795 826 855 maiora‘minorane
837 794 928 854 fama?

130 874 273 936 Cunctane
288 895 355 954 prae
369 892 470 953 campo
481 885 509 934 et
520 871 653 936 Tiberino
664 877 777 939 flumine
788 878 913 955 sordent,

128 963 172 1019 An
186 963 264 1019 venit
274 963 302 1020 in
313 970 410 1021 votum
422 958 549 1019 Attalicis
557 961 725 1026 ,exturbihus
736 980 801 1038 una,

128 1043 172 1103 An
182 1042 328 1104 Lebedum
342 1043 438 1104 laudas
451 1043 517 1102 odio
528 1044 612 1103 maris
623 1053 708 1126 atque
722 1044 849 1106 duum?

129 1128 208 1204 Scis,
224 1126 354 1204 Lebedus
365 1127 432 1206 quid
444 1129 494 1186 site
511 1125 606 1187 Gabiis
618 1127 759 1188 desertior
768 1137 853 1209 atque

127 1210 242 1271 Fidenis
254 1214 348 1280 vicus;
359 1221 451 1271 tannen
463 1210 629 1294 illicpivere
640 1212 756 1289 vellem,

129 1293 297 1374 Oblitusque
308 1313 435 1356 meorum
447 1295 658 1359 obliviscendus
672 1305 701 1356 et
708 1296 767 1364 ,illis

126 1377 285 1456 Neptunum
297 1379 397 1457 procul
409 1397 426 1438 e
436 1388 509 1438 terra
520 1387 651 1457 spectare
661 1381 810 1441 furentemt
855 1431 856 1438 ,

33 1510 37 1524 .
127 1461 185 1521 Sed
196 1480 306 1542 neque,
329 1460 486 1542 quicapua
495 1462 612 1524 itonam
623 1466 709 1541 petit,
725 1466 813 1524 imbre
823 1464 940 1542 lutoque

129 1545 288 1625 hdspersus
299 1546 415 1606 voletin
431 1563 557 1624 caupona
568 1549 679 1617 vivere;
697 1566 767 1625 nec,
782 1551 830 1627 qui

126 1629 227 1708 Frigus
240 1630 372 1708 collegit,
387 1629 484 1708 furnos
496 1641 524 1690 et
534 1631 635 1691 balnea
645 1631 749 1709 laudat,

126 1713 162 1774 Ut
176 1715 341 1774 fortunatam
353 1714 437 1793 plene
449 1717 617 1792 praestantia
630 1718 724 1776 vitam.

127 1797 205 1874 Nec,
227 1800 251 1857 si
262 1803 291 1858 te
303 1797 412 1858 validus
424 1799 568 1859 iactaverit
579 1798 722 1858 husterin
735 1799 802 1875 alto,

90 1897 93 1908 ·
126 1881 236 1941 Idcirco
248 1899 348 1941 navent
359 1891 433 1940 trans
444 1882 590 1958 Aegaeum
601 1901 676 1941 mare
687 1883 802 1942 vendas.

124 1964 260 2024 Incolumi
272 1964 389 2023 Rhodos
402 1973 431 2024 et
440 1964 574 2040 Mitylene
586 1965 701 2044 pulchra
712 1967 797 2042 lacit,
820 1967 897 2045 quod

123 2047 246 2108 Paenula
258 2047 396 2124 solstitio,
417 2057 575 2126 campestre
588 2047 725 2110 nivalibus
738 2052 830 2136 aurio„

124 2128 178 2192 Per
189 2131 313 2190 brumam
326 2130 452 2208 Tiberis,
470 2132 568 2191 Sextili
584 2151 681 2192 mense
693 2137 826 2194 caminus.
933 2205 934 2208 Ἴ

123 2215 197 2276 Duru
207 2214 274 2274 licet
285 2233 318 2275 ao
330 2215 436 2275 vultum
447 2226 540 2275 serrat
550 2215 671 2276 Fortuna
682 2217 844 2295 benignum,

60 2367 69 2378 ,
123 2299 231 2365 Romae
241 2298 370 2359 laudetur
380 2299 480 2359 Samos
492 2308 520 2358 et
532 2297 619 2362 Chios
632 2309 660 2358 et
671 2299 787 2360 Rhodos
799 2301 912 2363 absens.

123 2383 165 2444 Tu
172 2375 189 2459 ,‘
202 2401 396 2462 quamcunque
410 2383 478 2442 deus
490 2383 539 2443 tibi
551 2383 734 2448 fortunaverit
745 2385 852 2461 horam,

115 2465 208 2532 ,Grata
219 2485 297 2526 sume
310 2485 407 2543 manu,
425 2485 481 2529 neu
496 2467 588 2526 dulcia
599 2466 680 2526 differ
690 2469 718 2526 in
729 2486 838 2545 annum,

122 2551 175 2628 Ut,
189 2567 359 2630 quocunque
369 2551 435 2611 loco
447 2552 553 2628 lucris,
571 2553 677 2610 vixisse
688 2550 808 2613 libenter

123 2634 164 2696 l'e
176 2634 269 2694 dicas:
287 2651 350 2694 nam
364 2637 388 2694 si
398 2635 469 2695 ratio
482 2643 510 2694 et
521 2635 667 2713 prudentia
679 2653 771 2711 ouras,

27 2789 33 2797 ,
122 2717 186 2779 Non
201 2720 282 2778 locus
298 2708 380 2778 effusi
391 2718 447 2778 late
458 2721 541 2780 uraris
553 2720 657 2778 arbiter
667 2718 771 2787 aulem

123 2801 258 2880 (ioelum,
274 2818 330 2862 non
341 2804 460 2864 animum
471 2812 589 2881 mutant,
611 2805 658 2885 qui
670 2811 831 2863 transmare
843 2810 963 2861 currunt.

121 2886 240 2962 Strenua
250 2904 302 2947 nos
314 2895 430 2948 exercet
440 2887 554 2948 inertia:
572 2888 688 2948 navibus
700 2896 783 2964 atque

123 2969 274 3049 Quadrigis
285 2973 406 3049 petimus
416 2971 492 3031 bene
503 2973 610 3032 vivere.
635 2970 718 3044 Quod
731 2971 820 3049 petis,
837 2969 883 3030 hic
895 2977 948 3050 est,

119 3052 172 3113 Est
184 3053 313 3131 Ulubris,
332 3058 438 3116 animus
452 3057 477 3114 si
487 3064 516 3116 le
526 3072 582 3114 non
599 3055 693 3114 delicit
707 3073 824 3132 aequus.
928 3081 929 3084 ¹

1072 966 1091 1028 b
