2556 3990
183 209 284 260 mn
403 241 407 251 ι
478 209 526 256 ne
548 209 628 256 vrrs
652 175 872 259 nascereris

111 439 112 444 η
183 376 227 426 lae
249 371 306 428 vito
330 367 416 442 (quae¹
441 375 516 426 terte
537 369 679 428 decurtata
701 377 729 425 et
755 370 921 441 interpolato
944 372 978 427 ad
996 387 1046 428 nos
1067 385 1170 443 perve-

182 455 240 523 nit,
262 453 313 509 eed
328 470 361 508 ea
376 459 454 525 parte
474 453 528 508 lide
543 453 705 524 dignissima
724 460 784 523 eet,
807 469 859 524 qao
874 453 994 524 Augusti
1010 455 1170 511 referuntur

166 537 363 610 ‘epistolarum
380 537 549 608 fragmenta,
574 553 654 608 quam
676 538 852 594 sariendam
872 537 929 592 vita
945 538 1065 608 Augusti
1083 555 1170 610 appa-

183 627 259 690 reat,
282 637 343 676 eam
357 621 438 678 haias
459 621 635 691 imperatoris
652 621 785 692 epistolas
808 627 836 675 et
851 627 944 678 celera
961 622 1065 694 scripta
1082 621 1170 677 maai-

182 703 234 759 bae
255 699 400 777 trivisse)
428 705 498 760 haee
524 703 657 774 legimus,
687 704 786 775 quibus
806 704 922 774 iisdem,
952 706 1046 775 quanli
1069 705 1171 762 iecerit

183 787 417 858 ermagonae,
441 793 570 859 apparet:
593 789 729 860 encaustae
747 790 774 842 ei
792 789 968 860 eputamaum
988 786 1111 860 ospicium
1125 788 1171 843 ab·

182 871 253 938 talei,
281 879 311 926 ut
331 870 383 927 ltoc
409 871 447 925 ael
467 869 655 926 Maecenatem
679 873 782 942 secuda
811 873 957 943 siqnificat:
998 869 1084 928 ‘Ante
1110 874 1171 943 ipse

181 953 353 1026 sufficiebam
366 953 516 1010 scribendis
532 956 654 1025 epistolas
671 956 820 1011 amicorum
828 978 837 1016 ‚·
856 971 931 1010 nunc
944 958 1171 1028 occupatissimus

182 1044 207 1093 et
219 1039 346 1110 infirmus
359 1038 504 1095 Horatium
518 1045 643 1094 nastrum
664 1043 689 1094 te
702 1041 784 1110 cupio
799 1039 948 1095 adducere.
998 1039 1091 1096 Veniet
1103 1053 1170 1110 erac

183 1122 218 1176 ab
233 1124 287 1177 esta
297 1125 451 1194 paradica
466 1128 565 1178 mensa·
575 1123 614 1176 ud
626 1121 700 1178 hanc
713 1125 817 1195 reoiam
831 1130 858 1178 et
870 1138 921 1178 aas
930 1126 959 1178 in
969 1125 1088 1195 epistolas
1097 1126 1170 1177 scri-

95 1213 99 1223 *
183 1205 279 1262 iendis
304 1205 464 1262 adunabit)
513 1205 555 1262 Aa
580 1221 615 1261 ne
642 1208 783 1263 recusanti
796 1207 914 1279 »quidem
941 1214 989 1262 aut
1013 1209 1173 1262 succussit

96 1345 98 1354 χ
183 1287 344 1364 quidquam,
362 1296 411 1346 aut
425 1292 569 1346 amicitiam
582 1305 664 1345 suam
678 1293 803 1364 incerere
816 1291 902 1346 desiit.
934 1290 1056 1347 Exstant
1069 1291 1170 1363 epista-

182 1375 241 1441 lae,
263 1387 279 1429 e
298 1373 394 1448 quibats
417 1377 572 1446 arcumenti
588 1377 679 1447 qratia
695 1391 791 1446 pauca
810 1375 916 1430 suited
932 1403 975 1414 —·
1006 1369 1106 1431 ‘Sume
1125 1374 1173 1428 titt

183 1459 287 1529 aliquid
299 1460 370 1513 iuris
384 1459 464 1530 apud
476 1473 530 1523 me,
549 1464 687 1532 tamquam
701 1461 727 1514 si
740 1461 877 1515 conculer
892 1458 959 1513 milti
970 1457 1062 1530 fueris
1069 1481 1078 1520 ,-
1097 1463 1172 1513 reate

182 1543 295 1596 enimet
313 1557 368 1596 noa
387 1547 487 1596 temere
500 1541 618 1613 feceras,
641 1543 776 1613 aemulam
787 1542 817 1597 id
834 1557 902 1598 usus
922 1541 989 1598 aaa
1007 1547 1094 1598 tecum
1112 1555 1172 1596 esse

183 1625 265 1687 volui,
286 1626 312 1678 si
323 1616 380 1695 per
399 1625 579 1680 aautudinem
597 1631 672 1680 mam
684 1627 750 1697 fieri
763 1625 924 1697 potuisset)
940 1655 983 1667 -
1004 1625 1042 1680 Et
1057 1639 1170 1684 rursus.-

140 1695 145 1710 '
183 1735 224 1748 -
236 1704 245 1732 ‘
256 1705 308 1760 Tui
321 1707 428 1778 qualem
442 1707 558 1763 habeam
571 1711 743 1777 memoriam,
753 1697 859 1780 poteris
872 1723 910 1765 ec
921 1709 1048 1782 Septimio
1064 1723 1172 1781 atroque

182 1795 275 1846 nostro
289 1790 401 1852 auare,-
418 1807 483 1847 nam
496 1793 602 1860 incidit,
618 1799 649 1848 ut
660 1793 704 1848 illo
719 1807 813 1849 coram
826 1793 907 1864 fieret
920 1809 938 1848 a
952 1807 996 1848 me
1010 1794 1050 1848 tui
1061 1793 1171 1848 mentio.
1269 1835 1270 1858 1

182 1873 279 1945 Neque
296 1875 381 1941 enim,
401 1877 427 1930 si
442 1882 470 1932 tu
491 1876 627 1947 supmbus
647 1877 793 1931 amicitiam
808 1882 931 1932 nostram
950 1878 1091 1948 spreu'sti,
1111 1876 1172 1931 ideo
1269 1887 1270 1892 ’

182 1971 233 2012 aas
248 1972 354 2029 quoque
370 1943 705 2035 uudaaeaaoouoaiaeu!
748 1959 902 2016 Praeterea
923 1973 1007 2034 saepe
1021 1974 1084 2014 eum
1099 1960 1172 2014 inter

183 2042 251 2095 alios
267 2043 340 2096 iocos
348 2043 529 2112 purissimum
538 2059 639 2115 penem
653 2049 679 2098 et
691 2041 895 2099 homuncionem
911 2044 1103 2116 lepidissimum
1117 2059 1170 2114 up·
1268 2033 1269 2046 ¹

108 2175 112 2184 ,
177 2125 302 2197 pallacii,
318 2129 429 2197 unaque
443 2129 570 2184 etaltera
585 2127 744 2184 liberalitate
757 2128 937 2199 locupletavit.
984 2125 1095 2198 Scripta
1110 2128 1171 2198 qui·

182 2209 243 2262 dem
261 2211 318 2264 eius
336 2212 507 2282 usqueadeo
523 2211 664 2283 probavit,
685 2225 872 2282 mansuraque
889 2218 1024 2282 perpetua
1044 2212 1172 2280 opinatam

183 2297 234 2356 est,
256 2297 360 2348 utnon
379 2294 457 2350 modo
477 2295 621 2350 saeculare
641 2310 755 2350 carmen
775 2295 990 2366 componendum
1010 2295 1170 2357 inunxerit,

182 2376 232 2429 scd
247 2382 273 2430 et
289 2375 458 2433 Vindelicum
477 2373 622 2434 vicariam
634 2379 733 2434 Tiberii
747 2377 887 2450 Drusr'qm
901 2381 1092 2450 priaiquorum
1107 2391 1170 2432 suo·

183 2475 259 2527 ram,
280 2475 393 2531 eumque
406 2465 536 2534 tacuerit,
552 2467 672 2536 propter
690 2463 742 2519 lzac
761 2462 848 2517 tribus
865 2465 1020 2518 carminum
1040 2461 1116 2516 libris
1134 2475 1172 2516 ea

182 2542 260 2611 lonae
289 2545 429 2602 interuallo
451 2554 579 2618 quartum
605 2547 725 2607 addere,-
751 2552 816 2617 post
835 2559 975 2603 sermones
999 2551 1064 2602 aeia
1089 2546 1173 2620 lectas

183 2624 314 2696 qaudam
328 2629 432 2683 nullum
447 2632 492 2684 sui
506 2631 665 2686 mentionem
681 2629 800 2685 labiim
814 2631 852 2684 ita
867 2633 902 2686 sil
915 2636 1041 2704 questas:
1060 2625 1174 2684 ‘Irasci

182 2721 225 2762 me
240 2707 286 2760 titi
297 2713 372 2781 seito,
387 2715 462 2784 quad
473 2729 528 2769 nan
543 2716 572 2768 in
581 2715 724 2785 plerisque
734 2713 865 2768 eiusmodi
875 2717 987 2786 surpa's
1002 2727 1106 2768 mecum
1116 2727 1171 2783 pa-

182 2792 313 2846 tissimum
329 2795 457 2865 loquaris.
502 2796 546 2853 Aa
569 2799 687 2864 vereris,
710 2811 745 2852 ne
764 2797 842 2868 apud
856 2805 984 2868 posteras
1003 2799 1105 2869 infame
1128 2797 1174 2851 tibi

182 2876 231 2942 sit,
252 2875 324 2945 quod
336 2879 454 2935 udearis
469 2880 618 2953 familiaris
635 2881 710 2936 nobas
723 2882 819 2937 essei'
832 2909 875 2924 -
894 2884 1084 2954 capressitquc
1100 2881 1172 2936 ecla-

180 2973 259 3030 9am,
281 2960 358 3013 cuius
378 2964 480 3018 initium
497 2970 550 3020 cst.-
589 2961 696 3032 ‘Quum
716 2971 753 3020 tat
771 2968 907 3021 sustineas
926 2973 952 3020 et
970 2970 1045 3021 tanta
1064 2966 1172 3035 negotia

182 3043 257 3098 solus
277 3043 345 3097 etc)
361 3073 403 3088 -·
430 3047 451 3102 E
469 3049 568 3120 quibus
585 3065 745 3121 quamquam
767 3051 835 3105 salis
857 3057 987 3123 apparet,
1009 3063 1065 3104 non
1082 3049 1172 3104 Hora-

184 3126 249 3181 tium
273 3126 419 3199 Gaeseris‚
442 3133 491 3187 sed
507 3133 654 3190 Caesarem
669 3134 777 3190 Horatii
802 3134 927 3190 favorem
949 3141 976 3189 et
997 3133 1171 3189 familiarite·
1265 3181 1266 3186 ,

184 3215 238 3266 lem
256 3211 353 3267 sedulo
372 3217 545 3283 quaesivisse
561 3217 595 3274 ab
611 3233 700 3290 eoque
717 3218 875 3288 flagitasse,
891 3225 921 3272 ut
936 3220 971 3275 ad
985 3234 1016 3273 ee
1032 3217 1172 3272 scriberet

184 3309 305 3367 suasque
326 3296 423 3353 laudes
439 3299 610 3370 celebraret,
633 3303 703 3358 adeo
725 3308 756 3355 ut
769 3307 851 3372 po'ele
869 3301 917 3358 vix
934 3303 994 3357 sine
1010 3317 1108 3371 magna
1126 3299 1170 3356 oi-

185 3377 312 3434 ienaioae
333 3397 464 3438 recusare
481 3386 619 3455 potuerit,
645 3392 734 3442 tamen
755 3400 809 3439 non
830 3386 978 3441 defuerunt
998 3391 1074 3441 certe
1096 3385 1170 3440 inter
