2556 3988
159 215 223 278 auo
542 185 802 277 urrs'romuuu
842 301 845 310 1
975 176 1126 290 [nutans]

160 371 222 434 385
244 367 317 440 §Tu
329 365 398 427 nihil
408 365 493 426 invita
508 363 586 424 dices
602 366 728 426 faciesve
739 365 874 442 Minerva,
965 403 967 406 -

242 452 274 512 ld
284 452 335 513 tibi
347 449 479 510 iudicium
491 458 550 526 est,
564 467 597 510 ea
608 469 702 518 mens;
714 453 738 510 si
750 449 817 528 quid
828 459 920 510 tamen
931 448 997 508 olim

243 535 417 613 scripseris,
434 535 463 592 in
474 531 564 592 Maeci
577 532 730 594 descendat
740 533 841 594 iudicis
853 551 935 594 aures

154 693 156 698 Ι
191 629 212 671 f
243 619 280 680 Et
291 621 377 696 patris
388 625 417 676 et
426 625 553 693 nostras,
569 633 729 697 nouumque
744 627 885 695 prematur
896 620 924 678 in
936 635 1047 694 annum,

124 721 138 754 z
184 674 411 763 intentionis
424 703 497 760 intus
513 703 624 779 positis;
638 701 735 763 delere
746 702 854 782 licebit,
1030 705 1032 710 ’

160 755 223 852 300
245 786 330 861 Quod
340 802 396 844 non
411 779 550 852 ediderim
570 787 662 844 nescit
671 800 729 844 vox
740 787 825 844 missa
836 785 950 844 reverti.

243 871 394 931 silvestres
406 870 533 929 homines
545 886 627 928 sacer
637 871 835 947 interpresque
850 868 966 928 deorum

243 953 384 1016 Caedibus
396 961 424 1011 et
438 954 514 1010 victu
525 951 611 1012 ioedo
623 951 757 1012 deterruit
768 951 909 1030 Orpheus,

242 1039 342 1098 Dictus
352 1038 389 1095 ob
403 1037 460 1096 ,hoc
472 1035 562 1096 lenire
573 1038 661 1115 tigres
672 1035 843 1114 rabidosque
855 1035 964 1096 teones.

242 1123 342 1182 Dictus
354 1130 382 1181 et
392 1119 551 1196 Amphion,
567 1118 716 1180 Thebanae
728 1120 858 1181 conditor
869 1120 955 1195 urhis,

67 1201 69 1208 ’
160 1209 221 1272 395
244 1208 316 1266 Saxa
328 1222 442 1264 movere
455 1221 525 1280 sono
536 1203 684 1264 testudinis
697 1213 725 1264 et
735 1221 824 1282 prece
835 1203 936 1274 blanda

243 1290 371 1364 Ducere,
388 1286 553 1366 quovsllet
575 1287 638 1347 Fuit
649 1288 720 1348 haec
733 1290 869 1367 sapientia
880 1286 1031 1366 quondmu,
1087 1331 1094 1342 .

188 1423 192 1432 .
243 1373 357 1432 Publica
370 1371 666 1449 privatissecemere‚
686 1389 765 1432 sacra
776 1373 913 1449 profanis,

244 1455 401 1518 Concubitu
413 1455 566 1533 prohibere
577 1471 666 1532 vago,
683 1456 749 1515 dare
761 1459 821 1515 iura
833 1457 948 1532 maritis,

245 1540 354 1618 Oppida
364 1539 473 1615 moliri,
490 1539 570 1618 leges
581 1539 704 1598 incidere
718 1539 809 1618 ligno:

160 1621 221 1684 400
243 1625 390 1684 Sichonor
401 1633 429 1682 et
440 1640 541 1682 nomen
553 1623 653 1682 divinis
664 1625 774 1683 vatibus
785 1631 869 1700 atque

242 1707 416 1768 Carminibus
427 1709 513 1766 veuit.
536 1705 603 1766 Post
613 1706 666 1765 hos
678 1709 794 1784 insignis
806 1705 956 1786 Homerus,

241 1791 434 1870 Tyrtaeusque
445 1809 536 1850 mores
548 1793 694 1855 animosin
705 1789 806 1863 Martia,
816 1790 889 1850 bella

241 1876 377 1937 Versibus
390 1875 512 1942 exacuit;
531 1873 622 1934 dictae
635 1892 687 1953 per
698 1877 818 1936 carmina
830 1883 932 1952 sortes,

241 1959 278 2019 Et
288 1961 362 2019 vitae
376 1967 526 2018 monstrata
537 1961 581 2030 ria
593 1967 652 2034 est,
669 1968 697 2019 et
711 1961 799 2038 gratia
811 1977 907 2036 regum

55 2118 59 2126 Ι
161 2040 220 2106 405
242 2043 341 2104 Pieriis
351 2050 455 2102 tentata
465 2041 574 2123 modis,
592 2041 733 2122 ludusque
742 2051 884 2122 repertus,

94 2171 120 2276 i
197 2158 223 2273 i
243 2125 952 2288 Tttthtttuitii:restittit

242 2295 346 2356 Natura
360 2293 589 2354 heretlaudabile
600 2311 726 2370 carmen,
744 2313 778 2354 an
789 2303 859 2371 arte,

167 2390 171 2398 '
245 2378 409 2452 Quaesitum
421 2386 478 2438 est:
495 2395 550 2456 ego
560 2395 614 2438 nec
626 2377 746 2437 studium
761 2380 822 2438 sine
834 2379 920 2438 divite
930 2396 1013 2456 vena,

96 2491 113 2512 ··
161 2461 222 2523 410
243 2462 304 2522 Nec
315 2460 384 2523 rude
397 2462 462 2540 quid
473 2463 564 2539 possit
573 2461 657 2520 video
669 2463 822 2540 ingenium:
838 2462 953 2522 alterius
965 2466 1008 2522 sic

232 2546 339 2606 attera
351 2549 446 2624 poscit
456 2563 540 2624 opem
551 2563 598 2604 res
610 2555 639 2604 et
650 2549 776 2606 coniurat
787 2548 886 2606 amice.

244 2629 299 2704 Qui
309 2629 403 2690 studet
411 2639 533 2708 optatam
544 2647 628 2688 cursu
642 2632 805 2707 contingere
816 2639 927 2708 metam,

242 2714 329 2774 Multa
339 2713 401 2773 tulit
411 2713 536 2792 iecitque
550 2730 636 2790 puer,
655 2713 765 2773 sudavit
778 2723 806 2774 et
816 2714 891 2791 alsit,

242 2799 384 2859 Abstinuit
393 2815 499 2857 venere
511 2806 539 2856 et
551 2798 632 2866 rino;
649 2799 696 2876 qui
708 2797 806 2873 Pythia
818 2806 909 2858 contat

161 2878 220 2945 415
243 2881 374 2956 Tibicen,
394 2879 490 2941 didicit
502 2883 577 2958 prius
589 2883 770 2960 extimuitque
781 2884 951 2960 magistrum.

243 2965 324 3026 Nune
338 2967 406 3025 satis
417 2973 461 3023 est
477 2964 597 3024 dixisse:
619 2963 707 3044 „Ego
718 2967 786 3025 mira
799 2973 931 3044 poemata
942 2982 1054 3044 pango:

154 3061 158 3068 “
242 3047 396 3126 „Occupet
406 3057 558 3108 extremum
571 3049 696 3118 scabies;
711 3048 777 3108 mihi
790 3058 871 3128 turpe
882 3049 1001 3128 relinqui
1018 3060 1065 3110 cst

243 3131 316 3208 ,‚Et,
333 3132 410 3212 quod
420 3151 476 3193 non
487 3131 588 3208 didici,
602 3151 669 3192 sone
680 3135 791 3193 nescire
807 3134 902 3193 fateri.
915 3136 936 3168 ‘⁶

243 3215 281 3276 Ut
293 3232 414 3293 praeco,
430 3215 465 3276 ad
476 3233 585 3275 meroes
596 3217 703 3276 turbam
715 3218 762 3295 qui
775 3220 853 3294 cogit
865 3216 1009 3294 emendas,

160 3297 224 3365 420
243 3298 442 3370 Asseutatores
451 3299 529 3358 iubet
543 3299 577 3359 ad
593 3297 699 3360 lucrum
709 3302 750 3360 ire
760 3309 846 3379 poeta
