2556 3990
201 187 238 234 ιι
348 151 371 197 ‘x
587 166 796 240 ιιιιιιιιιο

148 367 152 376 ·
200 344 603 428 ttaapositavid.1ndexs
620 362 646 399 v
659 321 1185 409 Prometheusae-ao,1on01nieam

201 429 400 484 Doederleinio
412 434 440 482 et
450 413 592 482 lleiuelrio
601 427 725 483 scribere
740 425 807 480 Tum
818 442 878 497 pro.
885 425 934 492 Τιι,
952 425 996 479 cui
1010 425 1081 480 bene
1095 439 1183 495 oppo-

201 513 275 567 nitur
285 527 354 566 mea.
366 541 409 552 -
418 515 463 580 23,
477 517 493 568 5
506 517 534 566 et
547 515 564 569 6
576 511 660 579 multo
672 509 783 580 dignior
795 515 877 581 putta
890 509 955 564 milri
967 508 1027 563 visa
1041 513 1083 561 est
1095 507 1185 577 serip-

201 601 261 650 tnra
277 596 395 651 omnium
410 595 492 651 libbr.
510 597 583 668 aeria
598 625 640 635 -
655 594 807 659 Adceatur,
831 609 911 664 quam
932 591 1049 647 Bentleii
1072 591 1186 646 coniec-

200 684 263 734 tura
280 679 444 735 alleinelrio
462 684 575 749 recepta
589 681 681 750 vepris
692 705 733 716 -
744 677 782 730 od
794 683 909 732 ventum.
921 705 963 716 ·-
977 681 1026 743 25,
1038 681 1073 732 20
1083 673 1186 729 retinui

201 767 317 833 propter
334 762 452 818 omnium
466 761 548 816 libbr.
568 779 622 817 ιιι.
636 763 717 817 fidem
728 759 834 828 Hebro,
857 760 931 831 quod
942 760 1071 822 Horatius
1089 758 1186 813 indue

200 850 245 900 tus
262 845 382 900 tortasse
394 844 500 900 Graeco
518 845 591 915 quod
609 845 766 900 imitabatur
782 844 911 916 exemplo
922 850 1026 898 temere
1043 835 1185 914 posuerit;

200 945 290 999 neque
307 934 398 984 tamen
414 929 590 998 negaverim,
613 929 801 983 coniecturam
812 928 889 982 Euro
905 927 1034 998 optimum
1053 927 1118 980 loco
1137 941 1186 981 au-

200 1011 297 1068 xilium
321 1012 430 1067 allerre.
449 1040 491 1052 -·
519 1011 633 1068 Carmen
659 1011 740 1066 buius
764 1011 830 1066 libri
848 1014 891 1068 28.
919 1027 973 1066 non
996 1015 1040 1065 est
1056 1001 1200 1079 dialogus'

200 1099 301 1150 nautae
316 1111 376 1150 eum
388 1095 527 1165 Archyta,
544 1096 610 1163 sed,
626 1101 656 1148 ut
667 1110 718 1149 uos
734 1094 877 1150 uobiscum
889 1094 949 1149 sive
961 1111 1021 1158 cum
1033 1093 1121 1150 auimo
1134 1108 1186 1147 no-

202 1184 261 1232 stro
280 1179 431 1249 loquimur,
461 1179 503 1234 sic
522 1180 576 1234 hoc
598 1178 718 1234 carmine
735 1177 901 1248 insepultum
920 1178 1061 1248 Archytae
1083 1191 1185 1248 corpus

203 1261 308 1332 alloqui
326 1262 437 1332 lingitur
455 1263 592 1331 umbram,
610 1278 645 1316 ex
659 1260 791 1331 opinione
805 1267 929 1316 veterum
946 1277 1047 1338 corpus
1062 1260 1186 1330 insepul-

200 1349 257 1399 aun
280 1346 553 1402 circumvolitantem.
592 1344 692 1398 lloc
669 1361 693 1398 ιι
717 1349 883 1414 statuamus,
904 1345 1039 1400 sententia
1063 1343 1185 1415 priorum

202 1437 253 1484 a'ex
270 1426 400 1485 versuum
412 1431 481 1484 baec
499 1434 554 1482 est:
578 1427 632 1497 Te,
652 1428 698 1499 qui
719 1429 808 1485 omnia
823 1435 1013 1501 perscrutatus
1032 1445 1062 1483 es
1082 1431 1186 1497 etper-

201 1528 329 1582 mensus,
348 1528 427 1583 quem
445 1511 518 1566 nulla
535 1526 652 1582 unquam
669 1512 818 1568 difficultas
830 1513 981 1584 probibere
992 1511 1098 1583 potnit,
1117 1526 1186 1580 quo-

201 1596 290 1650 minus
307 1593 515 1664 pervestigares
530 1595 620 1650 omnia
638 1601 666 1650 et
682 1596 752 1650 vel
745 1611 772 1649 in
785 1596 918 1652 coelum
911 1612 1000 1666 ipsum
1013 1599 1186 1666 penetraret,

200 1682 229 1731 te
240 1693 326 1746 parva
343 1678 455 1731 munera
471 1677 596 1748 pulveris
615 1679 733 1733 nondum
750 1679 847 1734 iniecti
862 1696 933 1733 nunc
946 1683 1086 1734 morantur
1098 1676 1187 1743 (cobi-

200 1759 275 1828 beat)
298 1765 380 1830 atque
397 1761 563 1830 probibent,
586 1761 729 1832 quominus
749 1761 863 1832 Stygem
886 1763 1005 1817 transire
1022 1761 1125 1834 possis.
1143 1788 1189 1801 --
1267 1833 1271 1840 ι

127 1851 132 1862 ‘
200 1845 303 1910 31,18
325 1858 386 1897 cum
402 1843 495 1899 multis
517 1844 597 1900 libris
615 1845 716 1899 retinui
741 1851 767 1899 et
783 1860 835 1916 pro
851 1860 902 1907 αις
925 1846 1096 1917 respondent
1113 1844 1187 1899 enim

202 1925 257 1982 sibi
270 1932 349 1980 ιι-
359 1933 392 1982 et.
405 1955 447 1968 -

286 2006 371 2067 Odor.
391 2006 471 2067 liber
486 2008 531 2082 11,
550 2011 661 2080 10,9
653 2028 707 2066 rana
732 2011 761 2065 in
786 2011 908 2066 editione
925 2012 957 2066 V.
986 2013 1097 2068 restitui
1117 2011 1186 2066 Sae-

198 2095 279 2164 pius,
297 2093 461 2164 scripturam
474 2094 639 2166 optimorum
652 2095 731 2151 codd.
746 2101 892 2150 msstorum
902 2111 954 2166 pro
966 2112 1017 2166 eo,
1038 2097 1111 2167 quod
1123 2101 1188 2167 post

201 2177 282 2233 Feam
293 2176 452 2232 etJabniam
464 2177 566 2248 exigua
578 2179 660 2234 libbr.
675 2179 837 2234 auctoritate
848 2178 986 2235 Nauclrius
998 2178 1188 2250 scripsitSac-

200 2263 329 2316 vius.-
287 2266 403 2330 --,12
420 2262 564 2326 aduram,
588 2263 663 2332 qaod
678 2263 758 2318 codd
779 2263 950 2319 blandinium
968 2263 1072 2332 aliique
1089 2263 1187 2334 optimi
1265 2271 1270 2286 ¹

201 2349 329 2426 tuentur,
351 2344 404 2399 iam
419 2345 498 2416 prius
515 2351 656 2415 receptum
676 2346 793 2412 retinui;
817 2345 1020 2417 oppositionem
1041 2343 1111 2418 lacit
1127 2363 1188 2402 cum

201 2427 430 2483 mollibusmoda's.
467 2427 549 2482 blein
565 2429 669 2494 dirum,
688 2435 718 2483 ut
736 2436 813 2484 recte
830 2429 960 2483 scribitur
973 2426 1022 2483 Od.
1041 2427 1088 2498 lV
1099 2433 1127 2498 4
1142 2435 1186 2487 42

124 2557 127 2562 ,
179 2539 245 2570 ,--
261 2518 309 2578 13,
322 2518 355 2569 15
373 2511 509 2582 scriptura
525 2512 644 2568 omnium
664 2512 746 2567 libbr
767 2513 890 2578 Poenus,
908 2527 959 2582 pro
982 2527 1036 2582 quo
1054 2511 1144 2584 Haupt
1161 2519 1190 2567 et

202 2593 348 2661 Mainake,
366 2594 563 2650 lachmannum
575 2597 680 2665 secuti,
701 2591 813 2668 Thynos
827 2581 1015 2666 scripserunt,
1037 2612 1091 2650 non
1107 2596 1189 2651 solli-

131 2675 137 2690 *
204 2675 313 2732 citanda
326 2682 396 2746 erat,
412 2694 500 2748 neque
512 2679 579 2733 ibid.
593 2695 634 2733 vs.
646 2683 679 2738 16
690 2682 792 2736 timetve
802 2693 854 2750 pro
866 2680 937 2732 timet
947 2679 1103 2749 legendum.
1121 2679 1187 2734 Vid.

204 2758 279 2827 adl,
291 2762 340 2828 13,
357 2764 397 2818 16.
410 2791 452 2802 -
471 2765 515 2831 14,
531 2765 565 2820 27
580 2763 712 2834 superbo,
728 2763 801 2834 quod
819 2761 951 2817 exbibeut
962 2763 1143 2818 vetustissimi
1161 2769 1191 2818 et

203 2841 299 2914 optimi
315 2842 379 2898 libri
393 2861 464 2914 son,
479 2846 534 2902 iam
546 2846 574 2900 in
591 2847 656 2901 edit.
668 2847 701 2900 V.
719 2845 829 2917 scripsi.
841 2874 885 2887 -
899 2850 969 2916 16,1
986 2848 1128 2917 inpotenti
1142 2842 1191 2919 (ut

201 2928 300 2981 crrenti
310 2925 344 2996 ll,
355 2925 457 3003 25317)
470 2930 596 2986 codicum
607 2929 772 2986 auctoritate
784 2929 860 2984 nisus
873 2931 985 2985 servavi
998 2946 1049 3002 pro
1058 2930 1189 3000 Bentleii,

204 3025 284 3081 quem
294 3010 421 3067 lleineke
434 3019 545 3069 secutus
561 3021 620 3083 est,
633 3019 754 3084 patente.
771 3007 814 3054 -'-
834 3016 926 3092 17,25
946 3015 1089 3070 retiaebda
1107 3014 1189 3069 vide-

202 3093 283 3148 batur
304 3095 441 3166 scriptura
459 3098 627 3168 optimorum
641 3097 774 3152 librorum
790 3113 865 3166 ιιιιιι,
893 3113 945 3169 pro
968 3114 1021 3168 qno
1040 3099 1190 3154 Lachman-

203 3192 271 3246 nns,
289 3195 369 3249 quem
386 3179 475 3234 secuti
491 3188 554 3234 sunt
565 3181 655 3251 llaupt
672 3181 853 3251 etlleinelie,
876 3183 937 3242 cui5
959 3182 1044 3251 Pauly
1061 3197 1096 3238 ex
1107 3181 1188 3252 inge-

203 3259 250 3314 nio
264 3265 327 3314 tum.
340 3291 383 3303 -
404 3267 447 3332 18,
459 3267 494 3319 30
505 3265 575 3333 fine,
591 3264 718 3320 lleineke
734 3271 798 3336 post
809 3265 961 3321 Bentleium
972 3266 1043 3320 sede.
1056 3294 1098 3304 -
1113 3270 1158 3333 20,
1172 3267 1188 3322 7

203 3348 268 3413 post
278 3343 380 3399 Dilectc
395 3361 497 3400 comma
509 3347 600 3416 posui.
616 3348 663 3403 'lta
675 3348 899 3421 distinguendum
915 3365 978 3404 esse
993 3365 1052 3404 cum
1065 3348 1189 3404 scholia-
