2526 3986
198 235 259 297 son
560 229 786 292 snnimnun.
1043 233 1111 309 [sas
1124 233 1164 309 a]

278 384 449 446 Luctandnm
460 385 488 445 in
498 384 579 444 turba
590 393 618 442 et
629 382 758 443 iacienda
770 383 976 446 iuimiatardis.
1038 441 1042 452 ,

279 468 378 546 „Quid
389 471 450 546 vis,
471 471 584 544 insane,
606 477 635 528 et
646 485 716 546 quas
733 485 780 526 res
798 463 905 544 agisi“
917 467 1064 544 improbus
1080 477 1161 545 urget

216 556 258 618 80
279 551 360 638 lratis
373 552 521 630 precibus:
534 561 587 628 „tn
599 551 697 629 pulses
710 567 793 609 omna
805 550 882 628 quod
894 550 998 626 obstat,
1044 589 1049 594 -
1108 599 1113 607 .

279 635 346 712 „nd
356 635 551 696 Maecenatem
560 636 677 696 memori
693 635 718 694 si
728 642 821 694 mente
831 639 995 695 recurras.“

278 719 340 778 lloo
353 722 428 780 iuvat
439 729 468 780 et
481 719 559 779 melli
570 727 630 798 est,
645 735 701 777 non
712 719 838 786 mentiar.
860 717 897 776 At
909 718 991 776 simul
1002 727 1076 778 atras

184 825 195 876 s
250 879 253 885 .
276 803 397 863 Ventum
408 813 452 863 est
461 802 621 881 Esquilias,
635 801 727 861 aliena
737 803 853 879 negotia
864 811 974 860 centum

277 885 333 946 Per
343 897 427 965 caput
438 897 467 947 et
478 889 554 946 eirca
565 885 667 945 saliunt
677 885 759 944 latus.
783 884 880 960 „Ante
893 885 1045 944 secundam

212 973 255 1034 35
277 970 425 1048 „Roscius
437 971 535 1030 orabat
549 970 603 1028 sibi
615 969 733 1028 adesses
745 957 780 1028 dd
792 967 890 1028 Puteal
902 973 1000 1028 cras.“
1017 1004 1055 1012 —

277 1053 345 1132 „De
356 1073 388 1114 re
400 1056 539 1114 communi
551 1053 662 1114 scribae
674 1069 774 1130 magua
786 1062 871 1132 atque
885 1063 1000 1112 novate

276 1137 424 1215 „Orabant
435 1137 521 1197 hodie
532 1139 729 1213 meminisses,
748 1135 868 1212 Quinte,
881 1139 1022 1196 reverti.“
1037 1173 1075 1182 —-

276 1220 442 1300 „Imprimat
453 1223 513 1298 bis,
527 1239 608 1297 cura,
625 1219 776 1280 Maecenas
790 1219 1033 1298 515551515111511ι

274 1305 390 1365 Dixeris
402 1305 602 1384 „Experiar:“
613 1339 656 1348 -
667 1304 721 1380 „si
735 1307 790 1380 vis,
807 1308 927 1382 potes,“
939 1304 1014 1365 addit
1026 1315 1054 1366 et
1065 1307 1156 1366 instat.

212 1388 254 1452 40
275 1389 417 1467 Septimus
431 1399 532 1448 octavo
544 1391 662 1467 propior
677 1390 731 1446 iam
744 1388 848 1464 fugerit
859 1407 959 1464 annus,

273 1472 319 1532 Ex
330 1490 386 1551 quo
398 1471 548 1534 Maecenas
563 1491 609 1532 me
621 1475 719 1552 eoepit
730 1473 835 1546 babere
846 1486 960 1532 suorum

274 1554 453 1631 Innumero,
466 1555 597 1616 duntaxat
607 1556 642 1616 ad
653 1556 728 1631 boo,
742 1574 824 1636 quem
837 1556 939 1616 tollere
950 1556 1039 1618 rheda

195 1711 198 1716 1
273 1639 369 1699 Vellet
382 1642 436 1699 iter
451 1639 571 1715 iaciens,
591 1640 964 1717 otouiconcr'ederenugas
1244 1657 1245 1744 p

274 1722 337 1782 Hoc
349 1742 455 1802 genus:
478 1722 577 1800 „Hora
589 1732 676 1802 quota
687 1721 774 1784 est?“
790 1755 827 1768 -
850 1723 968 1800 „Thrax
986 1734 1031 1784 cst
1051 1723 1155 1785 Gallina
1244 1749 1245 1804 3

699 1807 772 1884 Syro
785 1805 924 1885 555111-
1244 1805 1245 1808 ’

212 1891 251 1954 45
274 1889 431 1967 „Matutine
442 1909 539 1970 pamm
551 1902 650 1952 cautos
662 1894 716 1952 iam
730 1892 835 1968 frigora
846 1892 1063 1968 mordent.⁴‘--,

272 1975 309 2034 Et
321 1992 393 2054 quae
404 1977 508 2035 rimosa
519 1975 593 2037 bcne
605 1975 782 2053 deponuntur
794 1977 822 2035 in
833 1995 911 2036 auro.

272 2057 325 2118 Per
339 2067 428 2118 totum
442 2060 498 2118 hoc
509 2068 620 2137 tempus
632 2060 787 2120 subiectior
799 2061 826 2119 in
839 2060 912 2119 diem
922 2069 953 2121 et
964 2061 1060 2122 boram

190 2138 195 2154 ⁴
272 2140 522 2202 invidiaeuoster:
537 2143 633 2204 Ludos
644 2152 823 2221 spectaverat
837 2163 901 2219 una,

270 2225 389 2286 Luserat
399 2227 427 2286 in
440 2223 557 2304 Campo:
574 2225 739 2304 „Fortunae
752 2227 863 2287 1111551ει
878 2245 983 2288 omnes.

208 2308 250 2372 50
270 2308 401 2388 Frigidus
413 2329 431 2376 ¹a
447 2310 559 2372 Rostris
572 2320 664 2372 manat
675 2328 727 2388 per
740 2312 862 2388 compita
873 2329 982 2371 rumor:

272 2392 440 2474 Quicunque
453 2394 553 2454 obvius
566 2404 634 2471 est‚.
647 2395 839 2456 me‘oonsulit:
861 2394 910 2471 „0
922 2396 1015 2472 bone,
1028 2429 1039 2440 ·
1051 2413 1113 2457 nam
1124 2407 1152 2456 te
1244 2411 1245 2414 ’

270 2477 392 2555 ,‚Scire‚
407 2477 477 2538 deos
493 2482 624 2557 quoniam
642 2480 760 2557 propius
772 2480 923 2556 contingis,
937 2490 1075 2557 oportet·
1244 2489 1245 2544 Ϊ

270 2559 368 2638 „Num
393 2562 461 2640 quid
488 2561 524 2622 de
549 2562 636 2624 Dacis
662 2560 808 2622 55115ιὶ11ι
855 2563 963 2640 o‚,Nil
985 2564 1151 2643 equidem.“
1244 2565 1245 2572 ’

692 2646 825 2722 9,,11115
895 2649 901 2662 “

270 2728 417 2807 „Semper
427 2731 484 2789 oris
496 2728 644 2794 derisorl“
668 2731 758 2806 9,,51
770 2747 868 2792 omnes
880 2732 907 2792 di
921 2733 1064 2808 exagitent
1074 2751 1130 2808 me,

208 2811 248 2873 55
269 2813 325 2890 „Si
337 2812 522 2892 quidquam.“
544 2817 565 2884 9
573 2811 693 2890 „Quid‘l
705 2815 837 2875 militibus
852 2819 991 2894 promissa
1003 2813 1151 2893 Triquetra
1244 2871 1245 2876 ,

269 2895 410 2972 „Praedia
424 2894 546 2974 Caesar,
559 2915 594 2956 an
607 2905 651 2956 ost
662 2895 731 2958 ltala
742 2898 843 2958 tellure
856 2896 1013 2960 15155551ιι
1244 2895 1245 2916 ³

246 3055 249 3064 ,
269 2978 409 3040 lurantem
420 2999 465 3040 me
477 2982 551 3040 scire
563 2981 647 3058 nibil,
659 2984 791 3042 mirantur
799 3028 809 3059 ‚
817 2993 853 3044 'ut
863 3003 947 3045 unum

269 3063 387 3124 Scilicet
398 3067 508 3144 egregii
519 3064 665 3125 mortalem
677 3066 783 3145 altique
793 3067 897 3128 silenti.

208 3203 213 3220 ,
268 3145 396 3207 Perditur
406 3149 479 3208 bace
490 3151 562 3209 inter
572 3151 678 3210 misero
689 3149 738 3210 lux
748 3168 804 3210 non
817 3155 880 3212 sino
889 3153 978 3212 votis:

207 3233 248 3294 60
269 3228 293 3290 0
307 3249 366 3307 rus,
379 3231 490 3308 quando
504 3249 560 3311 ego
572 3241 601 3293 to
612 3233 776 3311 adspiciam,
791 3235 961 3314 quaudoque
973 3235 1071 3294 licebit

268 3312 350 3374 Nunc
360 3323 488 3376 veterum
498 3315 576 3378 libris
588 3335 661 3378 nunc
673 3335 772 3379 somno
787 3328 816 3378 et
828 3321 964 3380 inertibus
977 3319 1055 3378 horis
