2526 3986
188 215 247 279 ros
566 211 783 275 surrumuu
1024 217 1095 292 [aar.
1109 213 1146 291 nr
1251 86 1252 170 Ν

252 364 257 368 ’
269 367 310 428 Te
322 369 425 428 coniux
435 367 525 427 aliena
536 366 629 443 capit,
642 365 820 426 meretricula
831 365 953 425 Davum:

267 450 371 511 Peccat
381 460 443 510 uter
453 459 578 510 nostrum
590 466 676 510 cruce
687 447 819 526 dignius?
834 449 916 509 Acris
929 448 976 508 ubi
987 467 1033 508 me

267 534 371 596 Natura
382 533 509 610 intendit,
523 533 574 592 sub
587 532 661 592 clara
672 532 745 592 nuda
756 533 871 594 lucerna

268 618 461 696 Quaecunque
473 619 586 696 excepit
596 618 733 694 turgentis
745 618 865 677 verbera
877 616 983 676 caudae

206 706 247 768 50
268 700 404 762 clunibus
415 710 462 761 aut
473 701 588 779 agitavit
600 717 703 778 equum
716 699 824 762 lasciva
839 701 978 778 supinum,

267 786 386 846 Dimittit
397 801 489 864 neque
501 785 639 844 famosum
650 801 745 862 neque
756 784 926 861 sollicitum,
939 801 975 844 ne

267 868 359 929 Ditior
369 879 416 928 aut
426 868 533 928 formae
543 869 669 928 melioris
681 870 765 929 meiat
778 869 889 929 eodem.

268 952 309 1013 Tu
320 971 383 1014 cum
395 953 531 1033 proiectis
543 952 710 1029 insignibus,
724 953 825 1014 annulo
838 953 965 1032 equestri

267 1038 451 1118 Romanoque
463 1036 568 1111 babitu,
585 1035 681 1114 prodis
695 1054 732 1096 ex
743 1036 836 1097 iudice
847 1036 936 1097 Dama

205 1125 245 1188 55
267 1120 380 1200 Turpis,
394 1120 540 1182 odoratum
549 1129 636 1198 eaput
648 1120 817 1182 obscurante
828 1121 955 1182 lacerna:

266 1205 330 1267 Nou
343 1224 374 1266 es
387 1205 464 1285 quod
475 1201 612 1264 simulas?
630 1202 760 1269 Metuens
773 1204 914 1265 induceris
928 1212 1013 1282 atque

151 1349 154 1354 .
266 1289 427 1350 Altercaute
442 1288 602 1348 libidinibus
615 1291 711 1348 tremis
724 1305 790 1348 ossa
805 1306 921 1366 parcre.

230 1408 233 1414 ·
267 1372 342 1446 Quid
351 1373 457 1449 refert,
471 1373 524 1448 uri,
536 1374 624 1449 virgis
637 1372 771 1450 ferroque
786 1375 881 1433 necari

236 1479 241 1498 ·
265 1457 434 1520 Auctoratus
451 1474 510 1532 eas,
528 1473 562 1516 an
575 1458 649 1534 turpi
662 1455 775 1516 clausus
784 1458 815 1516 iu
826 1475 901 1533 arca,

204 1545 245 1606 60
267 1540 330 1614 Quo
343 1549 371 1601 te
383 1540 494 1600 demisit
506 1542 618 1617 peceati
629 1543 745 1600 conscia
758 1539 866 1616 herilis,

267 1623 446 1686 Contractum
460 1623 581 1701 genibus
593 1632 691 1702 tangas
704 1621 810 1702 capeti
824 1624 913 1685 Estne
924 1625 1024 1684 marito

265 1707 409 1769 Matronae
421 1709 564 1785 peccantis
577 1709 604 1766 in
615 1708 698 1767 ambo
710 1710 782 1768 iusta
793 1718 931 1786 potestas,

265 1791 298 1852 ln
314 1801 509 1870 corruptorem
522 1791 570 1850 vei
584 1789 704 1852 iustiori
724 1791 775 1852 ilia
785 1802 878 1854 tumen
890 1811 922 1852 se

264 1875 328 1937 Non
341 1876 436 1936 habitu
447 1884 570 1936 mutatve
582 1876 665 1952 loco,
678 1886 817 1956 peccatve
831 1893 963 1954 superne.

203 1964 242 2026 65
265 1958 336 2020 Cum
348 1969 377 2019 te
388 1959 520 2020 formidet
531 1957 632 2018 mulier
641 1977 735 2040 neque
747 1959 843 2020 eredat
855 1962 965 2035 amanti,

263 2043 322 2104 lbis
334 2043 386 2104 sub
398 2044 505 2104 iuream
517 2042 657 2121 prudens,
673 2043 845 2124 dominoque
858 2045 962 2104 furenti

265 2126 429 2188 Committes
446 2145 506 2186 rem
518 2145 629 2187 omnem
641 2136 669 2186 et
679 2131 764 2188 vitum
779 2137 807 2187 et
820 2146 881 2188 cum
894 2145 1017 2207 corpore
1036 2129 1147 2190 famam.

262 2211 373 2273 Evasti:
386 2210 489 2288 credo,
503 2220 612 2271 metues
628 2210 786 2290 doctusque
799 2212 929 2281 cavebis;
1011 2247 1027 2256 -

264 2295 408 2373 Quaeres,
422 2296 533 2374 quando
546 2297 645 2356 iterum
661 2313 766 2373 paveas
778 2299 936 2374 iterumque
950 2297 1047 2374 perire

201 2383 243 2446 70
262 2379 376 2457 Possis,
390 2382 503 2439 ototies
514 2378 628 2440 servus!
652 2379 731 2453 Quae
743 2380 847 2456 bellua,
859 2382 949 2458 ruptis

262 2462 332 2524 Cum
347 2464 437 2524 semel
449 2464 563 2542 effugit,
580 2463 716 2524 redditae
728 2479 814 2541 prava
827 2461 957 2524 eatenis?

262 2547 350 2626 „Non
367 2567 428 2607 sum
449 2550 610 2608 moechus“
631 2550 683 2608 ais.
712 2547 813 2626 Neque
834 2565 906 2625 ego,
930 2547 1064 2626 hercule,
1088 2547 1144 2623 iur,

687 2631 734 2690 ubi
746 2650 813 2691 vasa

260 2714 412 2778 Praetereo
428 2718 541 2794 sapiens
556 2723 700 2793 argentea.
729 2714 809 2775 Tolle
823 2715 970 2793 periclum,

261 2798 318 2860 lam
329 2817 401 2878 vaga
416 2799 546 2878 prosiliet
556 2799 643 2858 frenis
655 2808 752 2858 natura
762 2801 889 2860 remotis.

200 2887 240 2950 75
261 2883 340 2943 Tune
354 2884 420 2943 mihi
436 2883 579 2958 dominus,
597 2900 690 2942 rerum
701 2885 828 2960 imperiis
838 2883 1038 2960 bominumque

261 2967 315 3028 Tot
328 2969 468 3046 tantisque
479 2969 584 3042 minor,
601 2985 685 3045 quem
696 2976 740 3026 ter
750 2967 873 3028 vindicta
884 2975 1052 3045 quaterque·

260 3049 396 3129 Imposita
407 3049 612 3130 haud'unquam
624 3051 727 3112 misera
739 3051 888 3112 formidine
900 3047 1011 3128 privet?

259 3133 341 3194 Adde
353 3152 454 3213 super,
468 3135 550 3195 dictis
567 3133 644 3212 quod
660 3151 716 3194 non
728 3135 819 3194 levius
830 3134 936 3196 valeat:
952 3152 1024 3209 nam,

261 3218 328 3278 Sive
343 3220 464 3278 vicarius
480 3228 543 3295 est,
560 3220 606 3296 qui
622 3235 707 3278 servo
721 3227 802 3296 paret
814 3251 825 3264 ·
837 3222 875 3277 uti
887 3235 950 3277 mos

198 3305 240 3370 80
260 3301 362 3362 Vester
373 3303 431 3360 ait·
444 3320 495 3362 seu
508 3319 680 3371 conservus:
692 3303 741 3362 tibi
755 3302 823 3380 quid
838 3321 900 3362 sum
911 3297 989 3383 egoi
1009 3298 1121 3378 Nempe
