2526 3986
175 231 232 297 rte
435 333 437 336 Ι
549 205 766 298 suerranum
1014 241 1138 320 [esen]

253 389 370 450 Tardius
381 388 534 450 adveniens
547 379 673 448 vitiatum
685 388 876 464 commodius,
891 407 974 468 quam

252 471 395 551 integrum
418 472 490 567 edax
511 473 638 532 dominus
652 480 842 534 eonsumeret.
874 471 934 534 Hos
946 477 1051 536 utinam

755 559 828 617 inter

252 640 361 701 Heroas
372 649 465 701 natum
477 640 561 700 tellus
573 659 618 700 me
632 642 729 740 prima·
731 639 855 700 tulisset!

251 724 311 785 Das
323 717 428 803 aliquid
441 724 532 786 famae
540 741 635 803 ‚quae
646 727 767 786 camnine
781 726 888 804 gratior
899 743 994 787 aurem

190 812 230 874 95
253 805 555 886 Oeeupathnmanami
577 806 704 868 Grandes
716 808 824 868 rhombi
837 811 1004 890 patinaeque

148 961 151 971 s
253 890 362 954 Grande
372 892 466 953 ierunt
477 910 530 954 una
542 910 605 951 eum
617 892 715 953 damno
728 891 860 956 dedecus.
884 891 965 953 nude

251 975 353 1036 Iratum
365 985 507 1055 patruum,
521 977 649 1052 vicinos,
661 985 690 1035 te
701 975 751 1036 tibi
762 977 887 1054 iniquum

251 1058 288 1121 Et
299 1060 401 1121 irustra
411 1061 509 1120 mortis
521 1057 668 1138 eumdum,
682 1077 744 1120 eum
755 1059 845 1119 deerit
860 1063 955 1138 egenti

251 1144 307 1222 As,
320 1144 414 1224 laquei
428 1145 557 1223 pretium.
586 1142 698 1220 „Iure“
713 1145 802 1222 inquit
813 1142 971 1222 „Trausius
983 1146 1044 1204 istis
1063 1210 1065 1216 s

170 1237 231 1301 100
252 1225 527 1312 ,,ιῙυῐειῑ1ιτιειὶιίι;
543 1251 598 1314 ego
609 1228 869 1310 vestigaliamagna

195 1355 197 1364 ‚
251 1317 451 1398 „Divitiasque
463 1318 932 1398 haheotribusamplasregibusf‘
952 1316 1041 1396 Ergo,

252 1401 336 1476 Quod
348 1411 478 1481 superat,
492 1420 549 1463 non
561 1411 605 1462 est
615 1401 715 1462 melius
728 1419 784 1481 qrro
796 1405 935 1465 insumere
948 1399 1065 1480 possis?

252 1484 309 1546 Cur
321 1497 389 1566 eget
401 1486 531 1564 indignus
543 1488 690 1565 quisquam
704 1495 732 1546 te
744 1484 849 1548 divite?
872 1485 966 1560 Quare
1066 1545 1071 1557 x

250 1567 367 1670 Templa
378 1579 460 1630 ruunt
471 1573 582 1648 antiqua
595 1567 696 1630 deum?
714 1568 771 1631 Gur
777 1572 945 1649 ,improbe
959 1589 1042 1632 esrae

168 1655 228 1720 105
250 1652 315 1714 Non
326 1640 430 1732 aliquid
442 1655 548 1732 patriae
559 1661 634 1714 tanto
647 1655 770 1714 emetiris
782 1652 906 1715 acervo?

250 1735 304 1798 Uni
318 1739 446 1796 nimirum
456 1737 506 1796 tibi
517 1745 613 1798 rectae
625 1755 738 1816 semper
749 1747 828 1797 erunt
838 1735 904 1797 resi

251 1820 274 1881 0
286 1839 403 1912 magnus
414 1821 553 1899 posthae
545 1823 664 1881 mimicis
675 1821 765 1882 risus!
786 1819 890 1883 Uteme

249 1903 294 1964 Ad
306 1907 387 1964 casus
400 1905 501 1964 dubios
512 1903 579 1965 tidet
590 1905 643 1966 sibi
659 1908 779 1983 eortius,
791 1906 839 1966 hie
851 1907 899 1984 qui

249 1987 378 2048 Pluribus
390 1988 513 2048 adsuerit
525 1995 646 2048 mentem
661 2007 823 2081 corpusque
835 1990 998 2067 superbum,

168 2076 228 2139 110
249 2071 293 2132 Αιι
304 2074 351 2150 qui
364 2081 511 2132 contentus
524 2089 611 2150 parvo
622 2071 807 2152 metuensque
819 2071 901 2133 iuturi

248 2154 280 2216 In
294 2173 380 2235 paee,
396 2166 426 2216 ut
436 2174 567 2233 sapiens
584 2159 684 2234 entant
694 2156 795 2218 idonea
807 2154 907 2216 belloi

203 2327 205 2332 ’
312 2323 377 2406 Quo
389 2326 478 2403 magis
499 2325 543 2384 his
555 2324 671 2401 eredas,
695 2322 851 2402 puerhune
863 2339 919 2400 ego
938 2339 1040 2401 parvus

750 2406 873 2468 Oiellum

20 2488 23 2504 ¹
124 2519 132 2535 κ
246 2489 367 2570 Integris
379 2489 484 2569 opibus
492 2494 557 2552 novi
569 2475 625 2552 non
637 2491 719 2552 latius
731 2509 821 2591 usum,

248 2574 337 2649 Quam
348 2591 421 2636 nune
432 2576 544 2636 accisis
566 2575 670 2636 Videas
682 2577 805 2636 metato
796 2593 824 2635 m
837 2573 931 2653 agello

164 2661 224 2724 115
247 2657 317 2719 Ciam
329 2675 436 2738 pecore
446 2666 474 2718 et
483 2662 574 2738 gnatis
585 2659 687 2719 fortem
698 2659 830 2720 mareede
842 2651 1001 2718 uolonum

246 2742 334 2820 „Non
350 2745 431 2821 ιιιςοιι
443 2753 599 2804 narrantem
614 2751 746 2821 „temere
746 2741 804 2804 edi
815 2733 880 2804 luee
895 2740 1022 2822 proiesta

246 2823 430 2905 „Quidquam
441 2837 554 2905 praeter
565 2827 628 2887 olus
640 2827 768 2887 iumosae
779 2845 842 2887 eum
854 2827 927 2905 pede
940 2843 1055 2905 pernae.

246 2911 383 2989 „Aemihi
396 2930 447 2971 seu
458 2911 572 2990 longum
585 2920 650 2990 post
661 2919 772 2990 tempus
783 2919 900 2972 venerat
909 2912 1017 2989 hospes

245 2995 337 3072 „Sive
349 3012 467 3074 operum
478 3013 568 3070 vaeuo
579 3004 676 3074 gratus
688 2998 808 3056 conviva
819 3012 870 3074 per
885 2996 1001 3055 imbrem

163 3082 225 3145 120
245 3077 399 3156 ‚‚Vieinus‚
417 3080 490 3140 bene
501 3089 561 3140 erat
571 3094 627 3139 non
642 3081 768 3158 piscibus
780 3080 849 3140 urbe
862 3081 969 3158 petitis,

245 3161 328 3240 „Sed
339 3163 416 3241 pulis
427 3173 512 3243 atque
524 3163 628 3234 haedo;
644 3172 701 3223 tum
712 3164 830 3242 pensilis
842 3178 895 3224 uva
907 3163 1045 3224 seeundns

244 3243 304 3324 „Et
315 3264 371 3306 nux
383 3247 497 3308 ornabat
507 3247 618 3310 mensas
630 3266 692 3307 eum
704 3247 818 3327 dupliee
831 3248 894 3307 iieu.

244 3325 336 3409 „Post
346 3331 402 3391 hoe
413 3330 494 3392 ludus
508 3341 567 3393 erat
579 3331 661 3411 eulpa
672 3340 771 3411 potare
783 3334 925 3410 magistra,
