2536 3986
10 279 11 284 Ν
127 215 192 290 [oa.
206 219 246 271 11.
257 215 309 292 ra]
449 194 692 290 gnlnb‘ltlv.
750 209 754 228 ¹

10 363 12 426 ἶ
129 367 168 428 25

280 364 380 432 Terret
391 364 533 424 ambustus
544 360 689 421 Phaethon
700 379 797 420 avaras

279 449 366 527 Spes,
380 457 408 506 et
421 446 581 524 exemplum
591 462 679 522 grave
689 445 807 522 praebet
817 443 885 532 ales

1032 209 1091 272 lot

278 531 404 610 Pegasus
416 540 557 590 terrenum
569 531 695 607 equitem
704 536 835 605 gravatus
942 605 948 616 Ι
1071 521 1074 537 “

327 614 586 692 Bellerophontem,

279 739 399 816 Semper
410 747 439 798 ut
449 747 478 798 te
490 737 573 816 digna
585 754 707 815 sequare
720 745 758 813 et,
770 737 841 798 ultra

282 821 372 894 Quam
382 821 450 882 licet
462 839 579 899 sperare
589 821 671 880 nefas
683 819 816 897 putando,

277 905 427 984 Disparenr
437 907 521 965 vites.
564 903 851 982 Ageiam‚meorum

329 988 406 1059 Finis
418 996 552 1064 amorum,
569 1019 579 1032 ·

278 1112 343 1174 Non
356 1115 430 1174 enim
441 1114 560 1192 posthac
571 1101 626 1174 alia
637 1112 737 1174 calebo

277 1195 391 1258 Femina
403 1229 414 1242 ·
426 1197 562 1260 condisce
573 1196 686 1272 modos,
698 1195 814 1267 amanda

279 1279 358 1340 Voce
372 1299 443 1360 qnos
455 1281 573 1342 reddas:
589 1283 750 1348 minuentur
759 1289 837 1342 atrae

328 1363 457 1450 Gannine
468 1383 562 1426 curae.

536 1526 679 1535 ———

502 1669 601 1726 ΦΒΙ
619 1669 703 1726 ΧΙΙ.

414 1786 473 1838 ΑΙ)
503 1783 794 1840 VIRGILIUM.

276 1893 335 1956 lam
343 1897 421 1956 veris
430 1899 563 1972 comites,
581 1915 739 1974 quae-mare
750 1903 916 1975 temperant,

270 1978 425 2056 impellunt
435 1982 542 2040 animae
554 1980 638 2039 lintea
650 1979 785 2040 Thraciae
796 2001 803 2048 ;
882 2000 884 2006 ’

276 2060 334 2120 larn
344 2080 398 2120 nec
411 2072 489 2140 prata
501 2065 604 2140 rigent,
614 2081 668 2122 neo
680 2063 756 2123 duvii
768 2070 897 2140 strepunt

326 2144 448 2206 Hiberna
459 2149 524 2206 nive
533 2145 646 2224 turgidi.

275 2270 377 2332 Nidum
389 2262 478 2350 ponit,
490 2271 552 2348 Ityn
563 2273 696 2334 flebiliter
705 2290 834 2352 gemens,

274 2353 377 2416 lnielix
388 2358 449 2416 avis
460 2367 489 2415 et
499 2355 658 2435 Cecropiae
669 2355 768 2416 domus

275 2438 427 2500 Aeternum
440 2440 635 2518 opprobrium,
650 2439 727 2518 quod
737 2438 810 2499 male
820 2438 952 2499 barbaras
1055 2519 1056 2530 ἵ

320 2522 432 2602 Regum
443 2534 487 2584 est
498 2523 556 2584 ulta
566 2523 708 2583 libidines.

273 2646 377 2708 Dicunt
387 2649 416 2707 in
426 2656 525 2708 tanaro
536 2624 661 2726 gramime
673 2648 818 2726 pinguium

246 2789 250 2796 ,
276 2728 417 2791 Custodes
429 2736 524 2793 ovium
538 2735 658 2792 carmina
670 2717 776 2793 fistula*

275 2813 484 2895 Delectantque
496 2815 590 2892 deum,
604 2818 649 2875 cui
663 2834 753 2894 pecus
766 2825 795 2874 et
806 2815 879 2892 nigri

325 2897 423 2958 Colles
433 2899 572 2961 Arcadiae
583 2900 706 2979 placent.

271 3020 424 3083 Adduxere
435 3025 509 3084 sitim
520 3034 658 3103 tempora,
670 3021 786 3100 virgili:

272 3105 330 3166 Sed
342 3123 472 3188 pressum
485 3106 601 3168 Calibus
615 3106 721 3166 ducere
731 3105 862 3168 Liberum

202 3265 207 3274 ,
275 3189 306 3248 Si
318 3192 422 3267 gestis,
437 3193 569 3252 iuvenum
580 3189 716 3250 nobilium
727 3189 827 3266 eliens,

321 3272 417 3335 Nardo
428 3277 493 3335 vina
504 3274 663 3334 merebere.
