2526 3986
208 213 267 278 reu
510 215 796 290 ,ssnrnsnuns
929 257 931 266 x
1053 219 1170 298 [seer

286 369 453 430 libertusve
465 387 562 430 senem
574 368 691 429 delirum
702 378 855 448 temperet:
868 368 924 430 illis

286 452 416 514 Aeeedss
429 455 542 530 sotius,
556 452 672 529 leudes,
686 451 809 514 lauderis
822 461 852 512 ut
863 453 980 516 absens:

285 536 405 598 Adiuvat
418 537 618 615 bonumque,
631 537 682 596 sed
692 539 780 598 vineit
792 536 878 616 lenge
891 539 968 618 prius
979 539 1073 616 ipsum

284 619 455 700 Expugnare
467 628 560 699 esput.
580 611 692 682 scribet
706 619 777 682 mele
789 622 909 682 carmine
922 634 1040 682 vecors:

223 707 263 768 75
285 702 420 765 Laudato.
439 705 585 766 Senneter
595 706 661 764 erit:
674 717 746 764 ense
755 713 785 764 te
799 715 899 783 rogen
911 704 983 766 ultre

286 785 457 866 Penelopam
471 786 563 848 leeilie
575 789 678 866 potiori
690 787 778 848 trstle.
802 787 881 850 true.
896 787 1027 865 Putasne,

284 869 402 932 l‘erduei
416 873 519 951 poterit
530 879 586 932 tem
598 871 671 950 frugi
683 880 796 950 temque
807 871 919 952 pullen,

285 952 373 1028 Quem
385 958 522 1035 nequiere
535 957 615 1034 preci
627 963 706 1014 reete
719 954 865 1034 depellere
877 953 981 1016 eurenl

172 1107 175 1116 ,
287 1037 924 1118 lb'r.Veniteninr,mepnuruslonun‹liperne,
938 1042 1080 1114 iuventus,

221 1123 262 1188 80
283 1121 345 1184 Nee
356 1131 460 1184 tanturn
471 1122 592 1183 Veneris
609 1129 739 1204 quantum
753 1123 878 1184 studiose
894 1123 1018 1184 nulinue:

151 1234 152 1242 κ
284 1207 332 1266 Sic
343 1206 393 1267 tibi
405 1205 550 1284 Penelope
560 1205 634 1285 frugi
648 1215 708 1283 est,
725 1225 798 1288 quee
811 1209 834 1266 si
846 1206 934 1268 semel
945 1222 1002 1268 une

281 1288 327 1350 lle
340 1307 410 1350 sene
420 1289 540 1370 gustarit
551 1297 644 1352 teeurn
657 1291 757 1368 partite
768 1280 913 1368 lucellum}

282 1372 319 1434 Ut
330 1375 407 1434 uenis
419 1391 434 1434 e
446 1376 526 1434 eurio
537 1391 677 1453 nunquam
690 1374 892 1436 absterrebitur
901 1383 996 1436 nnete.

282 1455 425 1534 Mesene,
445 1456 521 1539 quod
533 1455 639 1534 dinem,
653 1458 756 1518 laetum
769 1467 828 1519 est:
841 1475 909 1522 snus
920 1458 1049 1537 improbe
1060 1457 1163 1522 Thebis

221 1539 261 1603 85
280 1539 325 1600 Ex
337 1549 504 1603 testamento
518 1541 560 1600 sie
575 1551 620 1602 est
630 1541 718 1602 elets:
734 1540 855 1602 estrees
938 1607 944 1628 ι

281 1623 399 1685 Ureturn
411 1623 477 1685 oleo
491 1624 571 1702 lsrpo
587 1624 667 1685 nudis
679 1625 802 1686 humeris
813 1624 875 1686 tulit
886 1626 980 1702 beree,

272 1706 398 1788 'Scilicet
411 1706 485 1768 elnbi
496 1709 520 1766 sl
532 1718 631 1786 posset
641 1717 764 1778 mortun
775 1709 873 1786 erede,

282 1789 365 1865 Quod
379 1792 492 1852 nimium
506 1793 645 1852 institeret
654 1793 772 1853 viventi.
793 1791 898 1854 Guunrs
910 1790 996 1868 utlite,

281 1873 343 1936 llen
356 1874 432 1937 desis
445 1891 567 1954 operae,
580 1893 654 1938 neue
664 1876 862 1938 immoderatus
874 1872 1009 1936 abundes.

87 1941 89 1950 ’
219 1957 260 2022 90
280 1956 433 2022 Dilleilenr
445 1968 474 2019 et
488 1975 631 2022 merosum
649 1955 926 2040 ullendetgerrulus:
937 1957 1009 2020 ultre

280 2041 344 2102 Non
355 2044 438 2102 etiarn
449 2042 548 2114 silens:
560 2043 657 2104 Durus
667 2045 707 2104 sis
719 2045 861 2120 eenricus,
876 2051 960 2124 etque

280 2126 345 2190 Stes
358 2127 451 2204 eapite
462 2127 594 2206 obstipe,
614 2127 728 2188 multum
740 2127 840 2189 similis
850 2125 994 2188 metuenti.

280 2207 425 2288 Obsequio
437 2225 694 2290 misereretene,
715 2213 739 2272 si
750 2211 903 2272 increbruit
914 2226 989 2286 eure,

280 2291 385 2354 Cautus
397 2295 437 2354 uti
448 2293 525 2354 velet
541 2311 634 2356 uerum
646 2304 745 2373 eeput;
760 2295 876 2356 extrsbe
886 2293 966 2354 turbe

216 2381 256 2444 95
279 2374 426 2456 oppositis
439 2377 576 2448 humeris;
591 2395 685 2440 eurem
700 2379 860 2456 substringe
871 2376 994 2458 loquuti.

278 2457 455 2539 lnnportunus
466 2470 538 2522 ernut
548 2460 653 2524 leuduri
663 2483 670 2523 ε
682 2462 774 2522 donee
786 2461 873 2540 „Oine
882 2462 936 2520 iere
943 2459 974 2520 1⁴⁶

277 2543 320 2604 Aul
333 2543 444 2604 eoelum
457 2546 584 2606 menibus
596 2544 713 2607 subletis
724 2544 840 2622 dixerit,
852 2562 922 2624 urpe
934 2551 963 2604 et

278 2625 460 2688 Crescentem
471 2628 583 2690 tumidis
595 2629 659 2690 inis
671 2629 848 2690 sennonlbus
859 2637 958 2690 utrem.

277 2707 347 2772 Cum
358 2720 387 2770 te
397 2714 513 2772 seruitio
525 2712 611 2792 longo
624 2731 747 2794 pureque
758 2711 869 2790 levarit,

189 2799 255 2862 -100
277 2791 314 2854 Et
325 2803 431 2854 eertum
442 2794 563 2874 vigilans
575 2795 723 2874 „Quartae
740 2803 804 2858 estu
816 2798 903 2876 pertis
918 2794 1041 2856 lllixes“

275 2876 409 2939 lludierls
423 2878 571 2957 ,‚beres“:
588 2879 690 2960 „Ergo
701 2899 774 2942 nune
784 2880 873 2942 itaer
885 2877 992 2941 sedulis

275 2960 444 3040 „Nusquam
458 2959 521 3023 est‘l
532 2963 605 3024 unde
618 2966 685 3028 milri
696 2974 751 3026 tem
762 2965 864 3026 lertern
876 2973 988 3042 temque
1000 2957 1156 3024 lldsleml“

276 3046 387 3123 Sparge
398 3045 516 3108 subinde
537 3054 581 3124 et,
607 3048 754 3127 sipeulute
770 3057 871 3128 potee,
894 3046 1130 3108 illsurlrnurezest

276 3126 382 3188 Guudis
392 3128 557 3206 prodentem
569 3129 675 3192 uulturn
688 3131 792 3192 eelere.
815 3130 981 3210 Sepulcrum

192 3213 252 3276 105
274 3211 443 3272 Pennissum
455 3213 569 3274 arbitrio
582 3215 643 3276 sine
654 3215 786 3276 serdibus
802 3225 929 3276 exstrue:
946 3213 1029 3273 lunus

273 3293 399 3374 Egregie
410 3293 512 3356 lentum
524 3295 618 3357 landet
628 3299 741 3360 slelnls.
761 3299 791 3359 st
803 3300 866 3377 quis
