2526 3986
117 243 229 320 [sata.
242 242 277 317 3.]
346 249 348 254 “
462 317 467 330 „
546 233 689 298 promul.
1020 235 1080 300 14⁵

202 391 247 452 Ne
263 394 366 452 nummi
377 398 495 470 pereant
505 401 551 452 aut
566 407 641 469 puga
652 399 699 450 aut
709 389 831 468 donique
846 388 932 450 lama:

202 475 347 554 Deprendi
361 478 493 535 miserum
505 483 567 542 est:
589 473 676 534 Fabio
690 473 737 533 vel
752 473 845 564 iudice
856 475 973 533 uincam.

528 665 675 676 ’,μ-.-

465 832 651 897 §MIRA
665 841 740 896 111.

90 1043 97 1052 ,
189 971 336 1036 xOumibus
350 969 408 1030 hoc
417 970 514 1028 vitium
528 977 572 1028 est
585 968 760 1043 cantoribus,
777 969 850 1027 intsr
859 969 966 1027 amicos

107 1063 114 1077 “
133 1106 142 1127 ,⁴
200 1055 238 1116 Ut
251 1071 390 1132 nunquam
404 1052 666 1112 inducantanimum
681 1060 792 1111 cauare
806 1052 909 1127 rogati,

201 1137 303 1199 iniussi
317 1150 456 1215 uunquam
471 1134 617 1195 desistant.
647 1134 751 1194 Sardus
766 1133 887 1194 babebat

201 1220 254 1280 llle
266 1219 401 1298 Tigellius
413 1221 483 1280 hoe:
499 1218 620 1294 Caeam,
634 1221 682 1296 qui
696 1235 802 1296 cogere
815 1225 925 1294 posset,

143 1305 232 1365 ·Si
246 1313 419 1383 peteretper
433 1305 582 1362 amicitiam
596 1304 684 1380 patris
699 1311 784 1379 atqua
798 1318 890 1376 suam,
903 1317 960 1360 uon
1058 1303 1077 1365 5
1188 1323 1190 1328 ·

202 1387 360 1466 Quidquam
377 1388 541 1466 prolicerst;
556 1389 581 1446 si
596 1385 791 1460 collibuisset,
804 1385 838 1446 ab
855 1401 910 1444 ouo

201 1471 299 1551 Usque
315 1470 349 1530 ad
364 1471 435 1531 mala
446 1473 544 1530 citaret
558 1468 614 1547 „lo
628 1469 779 1530 Bacchum
791 1467 874 1528 modo
888 1487 994 1528 stamma

201 1555 293 1631 Voce,
305 1555 388 1614 modo
400 1555 463 1628 bac,
475 1563 590 1614 resonat
599 1571 672 1633 quae
681 1552 794 1613 chordis
804 1553 993 1632 quatuorima.

202 1639 248 1698 Nil
260 1639 379 1716 aequale
390 1639 494 1698 bomini
505 1637 557 1698 fuit
568 1637 621 1698 illi:
638 1653 725 1718 saepo
739 1636 818 1696 velut
829 1637 877 1715 qui

84 1742 124 1750 ”
203 1721 340 1784 currebat
351 1723 463 1800 lugiens
478 1723 602 1798 hostem,
618 1737 758 1800 persaepe
772 1719 849 1779 volut
863 1721 910 1797 qui
1039 1725 1077 1785 10
1194 1779 1198 1787 Α

201 1804 317 1866 lunonis
332 1823 412 1865 sacra
423 1806 525 1874 ferrot;
540 1805 660 1865 habebat
672 1819 760 1882 saepo
772 1803 920 1879 ducentos,
994 1857 997 1862 .
1171 1827 1174 1834 ·

201 1890 295 1968 Saepo
306 1887 406 1948 decem
415 1905 529 1954 servom
541 1888 625 1948 modo
636 1905 721 1965 reges
730 1895 815 1966 atquc
826 1888 991 1964 tetrarchas,

202 1971 300 2032 Omnia
321 1988 437 2050 magua,
460 1971 597 2050 loquens,
623 1971 707 2047 modo
727 2015 748 2047 ‚‚
758 1972 800 2031 Sit
814 1972 881 2031 mibi
897 1989 994 2031 mansa
1055 2007 1059 2012 -

747 2057 780 2114 tri
805 2064 877 2115 eset

201 2137 341 2217 „Concha
355 2137 422 2198 salis
437 2140 499 2216 puri
511 2148 539 2196 et
550 2148 628 2216 toga,
641 2155 713 2217 quae
727 2071 879 2196 delgadere
891 2137 991 2214 frigus,

201 2222 360 2299 „Quamvis
372 2238 477 2298 crassa,
491 2225 609 2300 queat.“
620 2221 727 2282 Decies
739 2230 856 2281 centena
867 2219 997 2280 dedisses
1036 2225 1075 2286 15

200 2305 272 2366 Huic
287 2322 373 2384 parco
389 2307 486 2384 paucis
501 2313 647 2373 contento:
659 2307 783 2383 quinque
799 2303 898 2364 diebus

200 2389 247 2450 Nil
260 2397 319 2450 erat
332 2391 361 2448 iu
371 2389 483 2448 loculis.
506 2386 613 2448 Noctes
631 2387 765 2466 vigilabat
776 2387 811 2448 arl
822 2389 914 2466 ipsum

200 2472 298 2549 Mane,
314 2472 388 2532 diem
403 2482 491 2532 totum
506 2473 651 2534 stertebat.
674 2470 721 2532 Nil
734 2471 786 2530 luit
795 2489 916 2550 unquam
945 2476 947 2480 '

201 2558 249 2616 Sic
260 2558 349 2636 impar
359 2557 464 2616 sibi-
476 2555 558 2616 Nunc
569 2555 670 2634 aliquis
681 2553 754 2615 dicat
765 2555 832 2615 milri
843 2553 942 2631 „Quid
953 2553 1002 2615 tul

200 2640 344 2717 „Nullane
366 2641 454 2700 babes
476 2637 585 2700 vitiai“
614 2638 701 2699 lmmo
726 2636 796 2714 alia,
820 2647 849 2698 et
869 2638 991 2700 fortasse
1035 2645 1075 2706 20

759 2738 875 2782 mmora.

199 2805 1012 2885 NaeuiusabsentemNoviumcumcarpcret‚,‚ldoustu,“

201 2889 319 2964 Quidam
334 2895 371 2952 ait
386 2894 524 2970 „ignoras
536 2901 575 2968 te,
589 2909 623 2952 aa
635 2901 665 2951 ut
676 2894 802 2970 ignotum
817 2889 883 2950 darc
894 2891 976 2950 nobis

198 2974 291 3048 Verba
302 2971 634 3055 putasl“-·„llgomet
644 2977 681 3034 mi
692 2976 836 3052 ἰςιιοεοοιι
846 2971 973 3034 Naeuius

775 3059 874 3136 iuquit.

199 3141 306 3202 Stultus
318 3152 347 3202 et
360 3143 506 3226 improbus
519 3143 567 3206 bic
580 3161 658 3204 amor
667 3151 712 3202 est
722 3140 880 3220 dignusque
890 3146 989 3204 notari.
1095 3213 1096 3216 Ἴ

200 3223 269 3285 Gum
280 3235 327 3286 tua
338 3227 486 3304 pervideas
498 3226 590 3288 oculis
599 3225 671 3286 mala
680 3225 775 3304 lippus
786 3227 925 3286 inunctis?
1034 3233 1073 3295 25
1212 3213 1247 3237 ”

199 3306 257 3368 Cur
267 3310 295 3368 irr
308 3312 460 3371 amicorum
469 3309 546 3371 uitiis
557 3320 612 3371 tam
624 3312 715 3370 cernis
729 3318 849 3386 acutum,

142 3383 299 3441 suasuros.
404 3428 412 3436 „
899 3403 932 3454 10
