2526 3986
164 187 225 254 ms
492 167 781 254 'urrsuouunuu
963 146 1065 269 [Epist.
1078 191 1134 274 uoq

249 333 420 405 Cum‘semel
431 348 544 424 accepit
556 345 652 406 Solem
663 343 827 406 furibundus
839 339 969 402 acutum?
980 389 983 397 .

246 425 300 488 Est
309 430 357 488 ubi
369 429 484 489 divellat
495 446 610 490 somnos
621 432 711 489 minus
726 427 819 488 invida
832 424 919 486 cura?

245 510 379 573 Deterius
390 512 503 592 Libycis
517 512 574 572 olet
585 523 632 573 aut
642 517 710 572 nitet
725 512 813 571 herba
822 507 945 589 lapillis?

185 596 225 658 20
246 594 345 661 I’urior
356 599 384 656 in
398 599 470 656 vicis
481 615 554 675 aqua
565 597 653 658 tendit
665 613 796 674 rumpere
808 594 960 674 plumbum,

247 677 337 750 Quam
352 699 425 758 quae
437 699 490 759 per
501 697 619 759 prunum
629 679 750 759 trepidat
765 697 828 738 cum
839 689 977 738 murmure
989 679 1103 752 rivum?

245 762 356 841 Nempe
368 766 439 824 inter
449 768 541 825 varias
554 767 672 824 nutritur
684 764 754 824 silva
766 762 919 838 columnas,

245 845 439 926 Laudaturque
452 849 568 925 domus,
582 849 685 927 longos
700 865 771 926 quae
783 849 921 925 prospicit
933 863 1028 924 agros.

245 927 376 992 Naturam
389 933 515 1010 expellas
527 932 621 1008 iurca,
634 942 725 992 tamen
737 950 828 1010 usque
839 940 975 1007 recurret,

183 1016 222 1079 25
244 1013 280 1074 Et
290 1015 362 1076 mala
376 1025 538 1094 perrumpet
549 1016 642 1076 iurtim
653 1016 763 1076 fastidia
774 1017 883 1074 victrix.

192 1154 201 1166 x
244 1097 325 1175 Non,
339 1102 387 1178 qui
399 1100 515 1160 Sidonio
532 1100 703 1160 contendere
718 1099 834 1159 callidus
846 1106 922 1158 ostro

243 1181 343 1242 Nescit
352 1183 522 1262 Aquinatem
535 1187 659 1261 potantia
670 1183 778 1242 vellera
789 1182 894 1258 iucum,
952 1199 957 1210 ·

244 1264 355 1326 Certius
367 1270 490 1346 accipiet
501 1267 628 1327 damnum
640 1269 794 1346 propiusve
804 1264 944 1342 medullis,

190 1381 200 1388 α
243 1348 334 1422 Quam
346 1352 393 1428 qui
405 1369 461 1410 non
474 1354 578 1430 poterit
587 1367 656 1410 vero
670 1351 842 1429 distinguere
853 1349 964 1410 falsum.

180 1436 223 1498 30
244 1433 335 1507 Quem
346 1452 393 1494 res
406 1435 468 1513 plus
480 1437 566 1495 nimio
579 1434 759 1495 delectavere
771 1434 923 1512 secundae,
1017 1453 1020 1458 ·

242 1516 365 1577 Mutatae
378 1521 511 1596 quatient.
535 1520 564 1578 Si
577 1518 644 1596 quid
658 1519 813 1596 mirabere,
826 1535 917 1596 pones

242 1599 359 1660 invitus.
381 1600 462 1680 Fuge
473 1621 587 1680 nragna:
603 1602 671 1662 licet
683 1603 735 1662 sub
748 1619 873 1680 paupere
884 1611 959 1662 tecto

142 1723 146 1732 ,
242 1683 340 1763 Reges
353 1694 381 1744 et
390 1703 489 1764 regum
500 1689 556 1745 vita
569 1703 752 1764 praecurrere
764 1689 880 1746 amicos.

243 1766 352 1828 Cervus
364 1787 468 1848 equum
479 1786 572 1847 pugna
587 1770 688 1830 melior
700 1770 891 1830 communibus
903 1770 999 1831 herbis

179 1855 219 1920 85
241 1849 382 1929 Pellebat,
398 1852 594 1917 donecmincr
605 1852 632 1913 i'n
645 1856 796 1914 certamine
809 1852 897 1932 longe

241 1934 404 2014 imploravit
416 1952 487 2016 opes
503 1938 624 2008 hominis
639 1940 805 2016 frenumque
817 1939 942 2016 recepit;

229 2018 300 2079 ·Sed
312 2029 462 2099 postquam
476 2023 569 2081 victor
578 2021 689 2082 violens
704 2022 836 2081 discessit
847 2021 881 2081 ab
895 2022 989 2098 hoste,

239 2102 305 2163 Non
316 2107 440 2183 equitem
451 2105 554 2183 dorse,
567 2123 623 2165 nun
634 2106 743 2166 frenum
755 2104 863 2183 depulit
874 2121 934 2164 cre.

241 2188 305 2265 Sic,
323 2187 370 2266 qiui
386 2191 549 2267 pauperiem
560 2192 666 2250 veritus
679 2192 790 2268 potiore
801 2187 921 2248 metallis

178 2273 220 2339 40
240 2269 381 2338 Libertate
393 2283 485 2350 caret,
503 2273 643 2333 deminum
653 2273 730 2334 vehit
747 2273 892 2351 improbus
906 2281 990 2351 atque

240 2355 352 2416 Serviet
362 2365 520 2433 aeternum,
537 2360 602 2436 quia
613 2375 701 2436 parvo
713 2359 824 2418 nesciet
834 2359 883 2416 uti.

241 2437 361 2520 Gui'nou
373 2443 522 2501 conveniet
534 2459 658 2518 suares,
672 2451 701 2502 ut
712 2440 826 2501 calceus
839 2439 917 2516 olim,

178 2555 180 2563 ι
240 2523 270 2582 Si
287 2523 361 2601 pede
372 2526 540 2601 maiorerit,
560 2526 719 2601 subvertet,
742 2527 766 2584 si
778 2527 883 2601 minor,
896 2533 969 2585 uret.

239 2604 341 2666 lactus
356 2616 435 2667 sorte
444 2617 491 2668 tua
502 2611 582 2668 vives
593 2612 751 2686 sapienter,
767 2607 865 2684 Aristi,

177 2691 216 2753 45
239 2688 301 2748 Nee
313 2709 359 2751 me
373 2691 494 2752 dimittes
505 2694 715 2771 incastigatum,
730 2693 777 2752 ubi
794 2691 873 2770 plura

239 2772 368 2852 Cogere,
388 2793 470 2854 quam
482 2779 550 2836 satis
562 2786 619 2854 est,
638 2795 671 2837 ae
682 2793 738 2837 non
750 2794 865 2836 cessare
875 2775 1003 2837 videbor.

238 2856 361 2936 Imperat
372 2869 420 2919 aut
430 2863 517 2919 servit
531 2859 652 2920 collecta
664 2862 785 2939 pecunia
796 2861 909 2938 cuique,

238 2940 351 3001 'lurtum
363 2942 447 3020 digna
462 2946 544 3023 sequi
556 2946 651 3022 potius
662 2961 744 3023 quam
755 2943 861 3003 ducere
871 2943 977 3003 funem.

237 3021 315 3085 Haec
326 3027 376 3086 tibi
389 3026 526 3088 dictabam
539 3037 605 3106 post
616 3027 709 3088 fanum
720 3034 802 3107 putre
812 3025 955 3102 Vacunae,

177 3111 218 3171 50
238 3107 369 3187 Excepto
381 3111 458 3188 quod
468 3129 525 3173 neu
537 3111 618 3172 simul
630 3129 729 3188 esses,
746 3119 842 3171 cetera
852 3109 952 3172 laetus.
1040 3171 1043 3178 ,

563 3307 705 3316 ο*
