2536 3986
572 255 774 322 cunnuuuu
1023 251 1139 332 [our]

583 449 748 509 onum
864 521 868 528 Ι

480 609 549 676 AD'
579 616 829 672 PUEROS.

327 855 482 934 Angustam
502 853 593 912 amioe
607 850 769 930 pauperiem
781 845 838 924 pati

326 935 472 1020 Robustus
483 938 544 996 aori·
552 935 649 996 militia
661 937 733 1012 pu'er

380 1017 532 1105 condiscat
550 1027 578 1080 et
591 1012 708 1092 Partfrds
720 1015 834 1075 feroces

430 1103 523 1166 Veuet
536 1120 626 1181 eques
637 1096 803 1186 metuendus
818 1095 909 1174 basta,

322 1215 471 1301 vitamque
486 1195 539 1281 sub
555 1219 621 1296 divo
634 1227 662 1278 et
672 1215 791 1296 trepidis
804 1222 870 1293 agat

327 1308 359 1370 ln
369 1307 472 1368 rebus..
485 1303 567 1365 Illum
583 1321 619 1364 ex
633 1301 781 1361 moenibus
792 1289 910 1359 hosticis

247 1466 252 1476 ,
377 1390 504 1451 Matrona
514 1386 646 1448 bellantis
658 1385 767 1462 tyranni
874 1445 878 1464 ,

431 1471 612 1549 Prospiciens
627 1477 656 1528 et
666 1467 759 1528 adulta
769 1469 852 1544 virgo

328 1584 471 1676 Suspirat:
493 1594 608 1672 „Eheu
624 1611 660 1654 ne
671 1591 749 1653 rudis
761 1591 900 1668 agminum

326 1683 480 1761 „Sponsus
492 1678 614 1740 lacessat
627 1679 727 1755 regius
742 1691 874 1752 asperum

381 1762 494 1844 „Taetu
508 1763 630 1836 leonem,
644 1779 728 1839 quem
741 1766 856 1818 cruenta
920 1790 924 1806 ›

431 1845 510 1924 „Per
520 1845 626 1904 medius
636 1846 709 1922 rapit
727 1845 768 1902 ira
781 1839 924 1901 eaedesu‘

273 1985 277 1993 ·
328 1971 421 2033 Dufoe
438 1979 466 2030 et
481 1968 615 2030 decorum
627 1977 671 2028 est
693 1983 745 2045 pro
758 1964 943 2044 patriamori.

329 2055 408 2116 bfors
421 2062 449 2113 et
462 2053 593 2132 fugacem
605 2052 788 2130 persequitur
795 2050 896 2123 virum,

379 2137 441 2200 Neo
454 2139 544 2215 parcit
554 2134 680 2196 'imbellis
697 2137 829 2194 iuventae

435 2219 593 2299 Poplitibus
605 2217 763 2295 timidoque
778 2225 871 2294 tergo.

330 2347 438 2422 Virtus,
451 2343 585 2423 repulsae
596 2345 695 2404 meseia
707 2339 849 2416 sordidae,

328 2429 501 2490 intaminatis
514 2427 606 2506 fulget
615 2425 783 2499 honoribus,

383 2513 445 2574 Neo
456 2515 540 2572 sumit
553 2519 600 2572 aut
612 2513 691 2589 ponit
702 2525 820 2567 secures

412 2619 414 2622 ·
436 2596 562 2657 Arbitrio
575 2593 721 2674 popularis
736 2607 831 2651 aurae.

330 2721 438 2796 Virtus,
452 2717 603 2779 recludens
619 2718 765 2776 immeritis
776 2715 847 2774 mori

334 2805 463 2880 coelum,
474 2808 578 2879 negata
588 2808 676 2859 tentat
686 2802 741 2858 iter
751 2801 808 2874 via,

382 2883 693 2965 coetusqueuulgares
712 2891 741 2941 et
752 2879 835 2940 udam

438 2971 552 3048 Spernit
565 2968 678 3027 humum
692 2965 820 3044 fugiente
834 2980 935 3043 penna.

334 3094 388 3156 Est
397 3103 426 3154 et
437 3093 513 3153 fideli
530 3101 588 3162 tuta
600 3090 714 3151 silentio

332 3177 460 3242 Merces:
481 3177 597 3253 vetabo,
615 3175 664 3253 qui
676 3172 791 3234 (fereris
804 3187 916 3230 sacrum

385 3259 516 3338 vulgarit
528 3277 659 3335 areanae,
672 3257 725 3317 sub
738 3255 829 3315 isdem

441 3343 484 3401 Sit
495 3342 621 3403 trabibus
635 3340 821 3419 fragilemque
831 3354 942 3396 meeum
