2536 3986
155 272 223 350 [oa.
238 271 279 325 14.
291 268 342 336 m]
431 256 433 269 ’
559 244 669 307 LIBER
679 186 730 302 111¹.

306 411 455 494 virginum
467 411 571 462 matres
586 401 777 472 iuvenumque
785 405 877 466 nuper

251 513 254 520 ’
311 493 467 571 Sospitam.
487 486 559 560 Voa,
573 501 591 542 o
603 482 684 560 pueri
697 487 725 538 et
738 473 860 555 puellae,

310 579 368 642 lam
379 577 470 650 virum
486 575 631 647 expertae,
644 561 717 624 male
729 558 859 620 ominatie
906 599 907 602 ,

361 651 588 734 Paroitererbit.
623 659 628 673 ⁸

314 787 368 848 llio
385 784 446 844 dies
457 775 612 844 ueremilri
627 769 718 834 iestos'
730 750 803 828 atras
890 751 892 761 '

314 870 427 931 Eximat
438 881 535 930 ouraa;
555 873 611 936 ego
623 873 678 917 neo
688 850 835 914 tumultum

316 953 379 1015 Neo
388 950 459 1010 mori
472 964 524 1026 per
536 945 594 1003 rim
604 948 725 1000 metuam
733 941 847 996 tenente

368 1031 492 1096 Caesare
507 1038 607 1089 terras.
693 1100 700 1113 ι

318 1164 342 1240 l,
355 1169 422 1240 pete
434 1161 618 1234 unguentum,
634 1165 715 1226 puer,
733 1151 762 1202 et
774 1155 893 1199 coronas
991 1137 998 1162 ¹

317 1247 355 1308 Et
367 1243 466 1304 eadum
476 1237 563 1300 llarai
577 1246 731 1293 memorem
746 1221 843 1296 duelli,

321 1331 485 1408 spumarum
496 1323 520 1382 ai
535 1329 591 1400 qua
602 1315 693 1396 potuit
705 1315 854 1388 vagantem

306 1453 309 1458 -
372 1409 484 1472 Fallere
494 1413 577 1466 testa.

321 1540 377 1601 Dio
390 1545 419 1596 et
429 1541 546 1614 argutae
564 1529 701 1606 properet
710 1517 840 1579 Neaerae

323 1621 464 1684 blbrreum
485 1613 562 1675 nodo
582 1608 717 1670 cohibere
729 1603 849 1664 orinem;

327 1708 357 1768 Si
370 1723 422 1785 per
432 1691 552 1762 invisum
562 1709 640 1755 mora
651 1689 798 1752 ianitorem

373 1787 448 1863 Fiet,
467 1785 554 1846 abito.

325 1915 407 1977 benit
419 1911 569 1972 albescens
583 1901 692 1962 animos
704 1891 823 1972 oapillus

326 1999 432 2069 Litium
442 2001 471 2053 et
480 1993 559 2052 rixae
571 1980 690 2062 oupidoe
703 1969 866 2057 proteivae;

279 2114 285 2132 x
328 2081 394 2144 llon
409 2093 465 2154 ego
480 2074 536 2134 hoo
547 2071 651 2132 ferrem
664 2061 773 2124 ualidae
782 2058 904 2131 iuventa.

381 2157 507 2223 Consule
517 2153 631 2214 Planoo.

584 2331 735 2346 *-

568 2481 669 2539 olm
680 2475 757 2533 XV·

518 2592 560 2646 IN
588 2577 814 2641 CHLORIDEM.
876 2593 879 2602 ·

334 2773 415 2838 Uxor
428 2765 562 2849 pauperia
572 2757 664 2836 lbpoi,

386 2851 510 2916 'landem
522 2845 666 2924 nequitiae
679 2839 736 2916 ligo
746 2832 858 2895 modum
868 2835 934 2886 tuae

336 2939 522 3014 Famosisque
534 2927 694 2990 laboribus:

390 3021 499 3082 blatnro
512 3015 630 3095 propior
643 3007 742 3068 desine
755 2997 846 3062 funeri
866 3075 871 3080 .

339 3107 415 3169 Inter
425 3102 524 3165 ludere
534 3097 672 3174 virginea,

391 3188 429 3250 Et
438 3184 530 3248 atellia
540 3176 671 3240 nebulam
682 3183 818 3250 spargere
830 3158 964 3251 aeolidis.

340 3274 416 3348 Non,
429 3266 531 3348 siquid
546 3261 671 3323 Pholoen
685 3255 764 3326 satis,

390 3355 428 3416 Et
438 3362 478 3430 te,
492 3348 600 3422 Chlori,
614 3343 711 3404 deoet:
733 3335 789 3396 lilia
803 3331 908 3392 rectius
1004 3354 1006 3359 ·
