2526 3986
77 221 82 230 ¹
110 221 181 289 [sat.
194 217 233 288 s]
504 213 613 276 LIBER
627 215 664 274 11.
1011 211 1072 280 rtu

109 365 261 444 „Palantos
277 374 445 426 orror-certo
458 365 493 424 do
504 368 611 425 tramite
622 365 711 443 pellit,
758 365 768 372 ‘

109 450 186 528 „lue
198 452 373 509 sinistorsum
385 450 431 508 bic
443 449 617 510 dextrorsum
628 449 694 524 abit,
708 469 778 510 unus
789 454 901 530 utrique
1027 451 1070 515 50

109 534 221 612 „Error
232 534 283 595 sod
293 535 378 592 variis
393 533 482 592 illudit
493 533 633 611 partibus:
648 533 704 592 hoc
715 542 744 592 te

109 617 227 695 „Crede
238 617 323 678 modo
336 618 476 692 insanum,
492 617 579 676 nihilo
591 625 621 676 ut
634 619 788 693 sapientior
798 617 858 694 ille,

109 700 189 777 ‚3in
202 711 230 761 to
245 701 369 776 deridet,
384 700 499 763 caudam
510 701 608 760 trabat.
630 697 682 760 Est
693 719 784 777 genus
798 720 880 760 unum

108 785 273 862 „stultitiae
284 783 398 844 nibilum
412 781 560 848 metuenda
569 786 709 859 timentis,
722 793 752 843 ut
765 787 858 862 ignes,
950 801 952 806 ·

108 869 170 946 „Ut
179 887 266 946 rupes
278 868 437 946 iluviosque
448 870 476 927 in
488 885 587 945 cnmpo
600 868 713 927 obstare
725 877 869 946 spueretur.

108 952 258 1029 „Alterum
270 961 299 1011 st
309 952 375 1014 huic
384 967 481 1012 rarum
498 960 527 1010 et
537 951 624 1012 nihilo
636 953 791 1029 sapientius
803 953 884 1029 ignes

108 1035 186 1113 „Pe-r
196 1036 304 1096 medios
320 1036 479 1114 fluviosque
489 1037 610 1096 ruentis:
623 1035 724 1094 clamet
734 1037 832 1110 amica,

108 1119 237 1197 „maun
253 1121 370 1180 honesta
382 1135 465 1179 soror
480 1135 543 1178 oum
556 1121 700 1198 cognatis,
719 1127 815 1194 pater,
831 1135 902 1178 uxor

70 1205 75 1223 ‘
108 1250 129 1279 „
137 1203 214 1279 „Hic
223 1204 301 1264 fossa
313 1213 357 1263 cst
367 1206 477 1282 ingens,
486 1204 531 1262 bie
543 1221 629 1281 rupes
640 1205 771 1262 maxima:
783 1202 918 1270 serval“;

107 1287 196 1362 „Non
207 1291 296 1365 magis
312 1287 445 1368 audierit,
462 1303 544 1365 quam
555 1285 650 1346 Fuilus
662 1286 756 1345 ebrius
770 1285 847 1362 olim,
1026 1285 1067 1348 60

107 1369 202 1447 „Cum
214 1369 329 1432 Ilionam
341 1370 473 1448 edormit,'
483 1369 608 1430 Catienis
619 1370 694 1430 mille
707 1369 833 1428 ducentis

107 1501 128 1530 ,‚
137 1452 277 1531 ‚,lllcter‚
291 1465 320 1516 to
331 1457 492 1534 αρρείἱοὶιι
509 1455 702 1514 clamantibus.
726 1453 798 1512 Huic
812 1469 867 1532 ego
879 1452 980 1530 uulgus

106 1537 226 1614 „Emori
239 1538 357 1598 similem
371 1547 500 1598 cunctum
512 1541 634 1598 insanire
647 1538 769 1596 docebo.

106 1620 237 1698 „Insanit
248 1632 363 1682 veteres
377 1631 482 1682 statuas
493 1622 682 1702 Damasippus
697 1619 833 1680 emendo:

105 1704 246 1783 „Integer
262 1715 307 1773 est
322 1709 422 1766 mentis
433 1705 596 1784 Damasippi
612 1701 753 1765 creditor?
773 1703 856 1764 Esto.
1026 1704 1064 1764 65

104 1835 126 1865 „
136 1787 268 1868 „Accipe
278 1789 499 1870 quodnunquam
510 1789 742 1850 roddasmibi“si
754 1789 804 1848 tibi
813 1787 917 1848 boam:
975 1777 983 1792 ‘

104 1857 208 1949 „Tune
218 1875 331 1934 insanus
348 1876 403 1933 eris
416 1875 440 1932 si
452 1876 615 1951 acceperis,
628 1891 666 1934 an
674 1875 763 1950 magis
775 1889 876 1932 excors

103 1955 248 2033 „Reiecta
260 1957 379 2034 praeda,
394 1975 476 2034 quam
487 1974 623 2034 praeseus
634 1953 790 2016 Mercurius
804 1952 878 2014 lert?

103 2040 229 2117 „Scribe
242 2039 340 2098 decom
352 2059 368 2099 a
379 2039 468 2099 Nerio
483 2075 520 2084 -
534 2057 590 2099 non
608 2049 652 2099 ast
664 2043 746 2116 satis,
770 2038 841 2098 adde
853 2037 968 2099 Cicutae

102 2123 236 2200 „Nodosi
249 2123 358 2182 tabulas
371 2132 496 2200 centum,
509 2123 586 2182 mille
596 2122 667 2196 adde
679 2132 808 2192 catenas;
882 2165 884 2172 ,
1022 2124 1064 2184 70

101 2206 251 2284 „llilugiet
261 2215 352 2266 tamen
363 2207 434 2266 haec
446 2207 602 2271 sceleratus
613 2206 722 2266 vincula
734 2205 863 2266 Proteus.

101 2289 197 2367 „Cum
208 2293 305 2368 rapies
315 2291 342 2350 in
353 2292 397 2349 ius
408 2289 488 2349 malis
501 2289 637 2350 ridentem
648 2290 758 2366 alienis,

39 2383 43 2386 ’
100 2373 188 2450 „Fiet
204 2391 289 2452 aper,
312 2373 397 2434 modo
409 2375 485 2452 avis,
507 2374 591 2433 modo
614 2392 709 2433 saxum
733 2383 777 2450 et,
801 2390 864 2432 oum
884 2371 990 2447 volet„

600 2457 693 2517 urbors

97 2541 153 2617 „Si
164 2539 237 2601 male
247 2559 306 2600 rem
322 2559 423 2618 gerere
438 2542 527 2601 insani
539 2549 593 2618 cst,
608 2549 704 2600 contro
718 2540 803 2614 benc,
817 2539 891 2598 sani:

97 2623 245 2701 „Putidr'us
257 2623 344 2684 multo
361 2623 507 2684 cerebrum
520 2633 578 2700 est,
596 2625 662 2683 mibi
675 2622 776 2699 oredo,
787 2621 880 2696 Perilli
1017 2621 1057 2686 75

96 2707 273 2786 ‚‚l)ictantis‚
288 2708 365 2788 quod
375 2719 404 2769 tu
416 2726 555 2788 nunquam
564 2706 724 2768 rescribere
735 2709 841 2784 possis.

95 2791 224 2868 „Audire
235 2802 320 2871 atquc
332 2801 427 2871 togam
441 2793 524 2852 iubeo
538 2809 725 2870 componere,
742 2791 870 2874 quisquis

94 2876 280 2952 „Ambitione
289 2876 360 2937 mala
372 2886 418 2938 aut
429 2879 538 2955 argenti
553 2875 638 2954 pallet
650 2891 757 2951 amore,
963 2883 965 2888 ’

10 2999 20 3008 -
92 2957 255 3038 „Quisquis
267 2959 375 3021 luxuria
388 2963 497 3021 tristive
513 2961 714 3038 superstitione
853 3022 856 3033 ,

91 3043 243 3125 „batallo
258 3047 360 3104 mentis
371 3045 470 3104 morbo
483 3044 569 3114 calct;
584 3045 639 3103 huo
650 3044 768 3122 propius
779 3059 835 3117 mc,
1011 3043 1053 3105 80

90 3126 187 3204 „Dun'r
200 3125 292 3186 doceo
305 3131 427 3188 insanire
441 3146 555 3204 omnes,
573 3145 626 3187 vos
638 3127 737 3186 ordine
748 3124 831 3184 adite.

88 3210 212 3288 „Danda
223 3221 268 3270 est
279 3211 419 3278 hellebori
430 3212 517 3272 mrrlto
529 3229 595 3290 pars
606 3213 723 3270 maxima
740 3209 843 3277 avum

86 3295 220 3374 „Nescio
232 3313 266 3354 an
276 3295 437 3372 Anticyram
449 3297 520 3356 ratio
533 3295 588 3355 illis
603 3294 724 3354 destinet
740 3309 870 3428 omnendb
881 3375 895 3410 *
