2526 3986
173 327 175 330 Ι
202 249 263 320 158
577 251 792 314 SATIRARUM
902 346 906 355 x
1040 257 1108 334 [sat.
1121 257 1158 336 5.]

285 405 334 464 Sic
349 405 396 481 qui
408 403 558 479 promittit,
572 405 667 479 cives,
681 405 778 464 urbem
790 407 843 466 sibi
856 423 950 482 curae,

221 489 262 552 85
283 485 702 565 lmpemumioreetltaliamet
719 487 973 564 delubradeorum,
1076 547 1079 551 ,

284 571 348 652 Quo
361 579 440 648 patre
454 571 491 629 sit
501 564 597 647 natus,
609 589 673 630 num
684 573 781 649 ignota
790 582 878 633 matre
889 572 1065 650 inhonestus,

194 697 196 714 .
284 648 387 715 Omnes
397 653 530 713 mortales
542 672 640 714 curare
654 663 683 726 et
693 672 831 732 quaerere
843 657 929 732 cogit.

283 737 406 814 ilaue,
425 735 830 816 Syri,l)amae,autD10npsr
845 739 935 814 lilius,
953 737 1040 798 audes

282 822 416 883 Delicere
428 840 444 880 e
456 838 524 882 saxo
537 823 615 880 cives
627 830 673 881 aut
685 821 795 882 tradere
807 783 935 883 Cadmo?

156 967 159 980 ,
180 959 181 962 ,
220 908 261 973 40
282 905 349 978 int
358 904 467 966 Novius
479 904 591 982 collega
600 905 689 982 gradu
701 915 767 982 post
777 923 821 966 me
834 906 917 965 sedet
926 922 995 965 uno:

230 990 409 1069 Namque
423 988 542 1065 estille,
562 988 899 1073 paterquoderatmens.
922 987 1073 1059 9Hoctihi
1132 1043 1136 1047 .
1157 981 1159 986 ’

844 1072 955 1134 Paullus
1069 1089 1072 1104 ·

280 1157 317 1219 Et
326 1156 448 1218 Messala
458 1153 585 1217 videris?
598 1157 636 1218 At
649 1157 711 1235 hic,
725 1177 749 1218 sn
742 1158 867 1236 plostra
878 1156 997 1217 ducenta

282 1241 512 1319 concussamque
524 1240 587 1300 ioro
599 1242 650 1300 tria
661 1241 759 1303 lunera
765 1259 887 1320 ,magna
898 1241 1009 1300 sonabit

281 1324 392 1387 Gomua
405 1324 481 1404 quod
491 1325 641 1402 vincatque
652 1325 747 1386 tubas:
759 1287 858 1386 daltem
870 1333 946 1384 tenet
956 1325 1012 1383 hoc
1022 1335 1084 1382 noa

182 1437 185 1446 «
217 1408 256 1472 le
279 1415 300 1480 5
310 1409 391 1470 Nune
402 1403 492 1468 adme
505 1408 593 1468 redeo
605 1408 735 1468 libertino
748 1417 941 1487 patronatum,
1051 1459 1055 1468 .

126 1497 128 1501 ’
273 1492 371 1567 Quem
382 1492 592 1552 roduntomnes
602 1491 733 1552 libertino
746 1501 825 1571 patre
839 1501 943 1566 natum,

278 1577 369 1651 Nunc,
382 1577 447 1654 quia
457 1592 518 1636 sum
530 1575 592 1650 tibi,
605 1573 766 1652 Maecenas,
782 1576 943 1650 convictor,
956 1581 983 1632 at
994 1572 1070 1648 olim,

279 1660 364 1734 ouon
377 1659 443 1718 milri
459 1667 570 1735 pareret
581 1656 658 1736 legio
669 1659 794 1722 Romana
805 1660 926 1721 tribuno.
962 1723 964 1728 ,

211 1743 213 1748 ’
279 1742 423 1804 Dissimile
434 1743 490 1802 hoo
501 1741 541 1800 illi
553 1751 614 1817 est,
630 1745 780 1820 quianon,
800 1742 923 1803 utforsit
935 1741 1071 1800 honorem

217 1829 257 1890 50
278 1826 342 1888 lure
353 1826 420 1886 milri
431 1825 552 1885 invideat
564 1827 671 1903 quivis,
686 1828 724 1886 ita
735 1836 763 1887 te
775 1844 889 1904 quoquc
900 1825 1028 1899 amicum,

278 1911 443 1971 Praesertim
455 1917 564 1968 cautum
576 1908 678 1986 dignos
689 1909 851 1985 adsumere,
868 1926 953 1987 prava

179 2069 182 2077 ¹
277 1994 436 2054 Ambitione
451 1991 561 2071 procul.
572 1991 697 2053 Felicem
708 1993 803 2053 dicere
814 2009 870 2053 non
881 1993 937 2053 hoe

277 2077 325 2138 llle
336 2079 459 2156 possim,
473 2094 540 2136 casu
551 2075 628 2154 quod
641 2086 670 2136 te
686 2079 800 2138 sortitus
812 2079 944 2136 amicum:

277 2161 359 2222 Nulla
371 2162 474 2221 etenim
485 2159 551 2219 mihi
563 2169 591 2219 te
603 2159 662 2219 fors
676 2160 787 2229 obtulit;
804 2163 926 2238 optimus
938 2157 1004 2218 olim

162 2279 163 2282 ¹
215 2248 253 2308 55
275 2245 430 2323 Virgilius,
445 2252 511 2322 post
522 2243 595 2303 huno
606 2243 705 2303 Varius
722 2243 820 2305 dixere
832 2243 899 2322 quid
913 2259 1016 2302 essem.

276 2330 314 2390 Ut
323 2330 389 2389 veni
400 2345 510 2404 coram,
523 2326 664 2404 singultim
679 2345 767 2405 pauca
779 2327 899 2402 locutus,
912 2358 924 2380 ,-

275 2410 369 2473 Infans
380 2429 499 2490 namque
511 2409 603 2489 pudor
613 2411 780 2488 prohibebat
798 2411 877 2489 plura
887 2409 1027 2488 profari,-

276 2494 340 2555 Non
352 2513 407 2573 ego
423 2513 468 2563 me
483 2494 558 2554 claro
570 2503 662 2572 natum
673 2503 767 2572 patre,
782 2512 837 2555 nou
855 2511 911 2572 ego
925 2496 1029 2554 circum

275 2577 322 2639 lle
334 2579 497 2640 Satureiano
509 2580 614 2638 vectari
625 2595 688 2637 rura
700 2577 819 2654 caballo,
1076 2576 1080 2586 ⁴

214 2667 254 2728 60
277 2661 350 2739 Sed,
366 2662 442 2740 quod
456 2667 549 2737 eram,
572 2673 664 2721 narro.
696 2660 884 2740 Respondes,
907 2668 938 2718 ut
950 2669 1014 2722 tuus
1026 2657 1076 2722 est'

878 2760 950 2820 mos,

274 2830 381 2896 Pauca.
376 2851 382 2862 ·
394 2829 484 2905 abeo,
498 2837 527 2888 et
537 2843 656 2888 revocas
667 2843 742 2888 nono
755 2838 821 2906 post
831 2845 928 2888 mense
938 2829 1078 2907 iubesque

274 2914 368 2975 Esse
360 2932 388 2977 ιιι
398 2915 550 2974 amicorum
561 2929 687 2972 numero.
706 2911 837 3012 Magnum
847 2913 904 2973 hoc
915 2929 970 2989 ego
982 2912 1066 2988 duco,

227 2997 359 3074 Quod
378 2996 471 3077 placui
489 2998 558 3073 tibi,
571 2997 618 3074 qui
629 2997 713 3082 turpi
713 2999 841 3056 secernis
852 2997 1001 3055 honestum

273 3081 338 3141 Non
351 3091 430 3180 patre
445 3079 591 3158 praeclaro
603 3079 655 3140 sed
665 3063 722 3140 vita
736 3089 765 3139 et
778 3089 897 3158 pectore
913 3095 994 3156 puro.

212 3167 251 3229 65
273 3156 360 3242 Atqui
372 3184 397 3224 sn
389 3166 483 3224 vitiis
494 3163 684 3224 mediocribus
697 3182 732 3224 ac
742 3182 805 3224 mea
816 3164 915 3242 paucis

198 3265 201 3272 ·
273 3247 584 3347 Mendosaestnatuqa,
598 3245 826 3325 alioquirecta,·
816 3245 951 3305 -uelutsi

273 3331 419 3410 Egregia
411 3349 556 3409 inspersos
566 3330 756 3408 reprehendas
772 3346 894 3408 corpore
909 3345 1026 3405 naevos,
1041 3361 1052 3373 ·
