2556 3990
574 233 775 296 ouantium

353 389 407 450 Vix
416 385 473 450 bna
488 406 592 468 sospes
603 389 682 450 navis
694 387 728 448 ab
744 387 867 465 ignibus,

354 471 535 552 blentemque
549 473 719 550 lymphatam
728 471 885 532 blareotioo

984 240 1047 312 [oa.
1063 239 1106 296 ar.
1117 239 1168 316 aa]

405 556 530 635 liedegit
543 559 572 617 in
585 573 672 617 veros
686 558 802 616 timores
906 605 912 610 .
981 561 986 576 ¹

459 619 577 718 caesai,
592 641 627 702 ab
639 639 719 702 ltalia
728 639 870 700 volantem

353 763 450 826 Remis
466 764 608 844 adurgens
625 767 785 843 -aooipiter
795 763 874 824 velut

352 847 456 910 blolles
469 849 626 926 columbas,
639 859 686 910 aut
699 849 829 928 leporem
841 851 914 909 nitus
945 843 949 862 ⁸

405 933 530 994 Venator
544 935 572 994 in
589 935 697 1012 eampis
709 933 810 994 nivalis

455 1017 628 1078 Haemoniae
638 1051 660 1096 ·,
678 1016 756 1080 daret
769 1027 798 1078 ut
812 1019 919 1078 eatenis

229 1211 232 1227 Ι
352 1141 448 1204 Fatale
460 1152 624 1204 monstrum.
647 1141 728 1216 Quae
739 1143 909 1221 generosius

353 1225 448 1287 Perire
461 1245 612 1305 quaerens,
625 1245 680 1288 noo
694 1227 868 1288 muliebriter

404 1310 526 1389 Expavit
538 1330 646 1388 ensem,
665 1330 721 1372 neo
731 1311 851 1372 latentes

386 1393 388 1409 '
455 1393 774 1474 Classeoitareparavit
787 1413 862 1456 oras.
891 1453 894 1459 .

351 1517 428 1578 Ausa
441 1521 843 1600 otiaoentemvisereregiam
923 1577 931 1584 .

351 1602 437 1662 Vultu.
449 1619 565 1680 sereno,
582 1604 664 1664 sortis
678 1613 706 1664 et
722 1623 839 1683 asperas

402 1685 535 1746 Tractare
547 1697 709 1765 serpentes,
726 1698 757 1748 nt
768 1698 856 1748 atrum

457 1768 589 1849 Corpore
601 1772 777 1832 combiberet
787 1791 937 1849 venenum,

350 1894 513 1956 Deliberata
524 1904 615 1956 morte
625 1897 765 1968 ierocior;

273 2028 277 2037 ,
352 1978 451 2040 Saeuis
463 1978 592 2042 Liburnis
604 1981 715 2044 scilieet
726 1983 865 2059 invidens,

402 2061 511 2124 Privata
524 2064 624 2126 deduoi
637 2067 763 2145 superbo

455 2146 519 2208 Non
530 2149 643 2210 humilis
654 2151 755 2212 mulier
766 2154 918 2232 triumpho.

614 2289 760 2300 ι·-

525 2375 627 2434 θΙΙΕ
636 2377 843 2434 xxxvm.

452 2484 500 2537 AD
518 2484 674 2539 PUERUM
692 2485 914 2573 Mluts'rnont.

401 2595 534 2656 Persicos
546 2597 604 2674 odi,
618 2613 699 2676 puer,
715 2608 878 2677 apparatus,

334 2732 336 2740 ,
400 2678 563 2759 Displicent
575 2699 667 2742 nexae
680 2683 791 2760 pbilpra
803 2701 940 2754 coronae:

401 2761 482 2824 Mitte
493 2767 608 2841 sectari,
623 2783 691 2828 rosa
703 2785 761 2846 quo
776 2767 904 2830 locorum

447 2849 516 2908 Sera
528 2858 663 2910 moretur.

403 2973 530 3052 Simplici
542 2985 633 3051 myrto
644 2977 712 3037 nibil
723 2977 867 3040 allabores

401 3057 523 3120 Sedulus
535 3077 619 3121 euro:
641 3079 734 3141 neque
746 3071 775 3122 te
786 3065 940 3126 ministrum

372 3217 379 3228 .
401 3138 533 3204 Dedecet
544 3155 661 3222 myrtus,
677 3163 829 3226 nonnemo
842 3149 895 3210 sub
907 3158 966 3212 arla

443 3225 509 3286 Vite
525 3229 676 3290 bibentem.

617 3391 762 3401 *-
