2556 3990
437 221 470 280 a
492 189 639 278 nonaum
662 221 797 272 nauem
1038 224 1110 272 xxv

120 396 178 443 non
192 385 305 457 quidem
326 359 449 448 constat3
473 387 591 440 attamen
613 383 641 440 id
659 386 735 440 certe
756 385 872 442 evidens
895 393 954 457 est,
975 397 1036 442 earn
1056 387 1110 442 iam

120 469 292 542 aliquandiu
309 449 504 524 commoralurn
520 467 560 523 ihi
576 485 656 538 esse,
670 474 823 540 antequam
844 477 908 544 post
928 472 992 527 lulii
1007 469 1110 528 (laesa-

122 557 163 630 ris
180 554 294 610 caedem
310 553 412 610 bellum
427 552 511 607 civile
528 559 692 624 erumperet.
721 554 785 610 Vid
802 555 889 628 Epist.
903 556 928 611 ll
930 562 976 626 ,2,
988 559 1107 615 ati-ea

62 690 68 703 x
121 665 167 682 -·
186 639 220 707 ti,
237 638 283 710 qai
299 637 387 710 Epist.
405 637 445 705 ll,
460 639 618 706 2,81—·84
638 635 814 710 lingentem,
837 640 892 696 sibi
914 641 988 711 qaod
1007 657 1110 696 vacuas
1132 623 1137 636 ’

122 723 259 782 deaumsit
278 723 402 778 Athenas
423 721 457 779 Et
478 719 578 776 studiis
599 731 686 778 annos
707 729 813 794 septem
836 725 913 780 dedit
933 725 1110 798 insenuitque

16 869 18 888 ἶ
122 809 213 864 libris
242 813 270 861 et
293 804 367 861 curis
390 804 461 860 eto’
486 805 630 876 adipsum
646 805 786 862 lloratiam
808 809 948 878 referant,
975 823 1035 864 eum
1057 809 1110 864 ianr

16 901 17 904 ’
123 909 148 948 a.
166 909 192 946 ιι.
211 908 234 946 c.
254 889 365 949 ldo'vel
382 881 738 960 706Athenaeprolectem
756 898 886 964 etprope
904 900 1109 989 septemannos

123 977 164 1032 ihi
185 975 286 1030 studiis
307 989 350 1030 se
361 973 474 1028 dedisse
495 969 670 1028 contendant.
720 975 777 1032 Alii
800 983 911 1048 contra.⁷
933 978 981 1049 qui
1004 979 1038 1034 ad
1062 993 1106 1031 ve

123 1062 234 1117 ritatem
254 1058 370 1131 propius
400 1057 536 1112 accedere
563 1057 628 1112 tnihi
653 1059 797 1130 videnter,
819 1077 843 1116 a.
868 1077 894 1115 ιι.
915 1077 939 1116 c.
958 1065 1024 1131 709,
1056 1077 1110 1132 quo

123 1155 200 1201 anne
213 1142 359 1198 Ciceronis
381 1141 469 1210 itlius,
493 1141 599 1198 horatii
623 1149 713 1198 aetate
730 1144 789 1199 lere
811 1144 952 1216 aequalis,
976 1159 1029 1202 una
1050 1161 1110 1200 curn

122 1228 272 1285 iuvenibus
291 1227 353 1282 aliis
370 1225 511 1280 nobilibus
533 1225 686 1281 studiorum
708 1242 806 1283 caussa
821 1228 944 1284 Athenas
967 1231 1111 1302 proiectus

124 1319 185 1382 est
207 1323 242 1368 eo
262 1328 292 1368 se
314 1311 465 1366 contulisse
487 1307 617 1365 statuunt.
664 1311 705 1366 lbi
723 1312 840 1368 unanime
863 1312 1013 1368 incubuit'
1006 1331 1033 1368 ιι
1052 1319 1110 1368 stu-

123 1399 199 1454 dium
212 1395 424 1468 philosophiae,
440 1409 519 1464 qnam
533 1381 588 1450 tum
600 1393 798 1451 Theomnastus
810 1397 992 1453 Academicus
1005 1403 1033 1451 et
1045 1397 1110 1452 Cra-

88 1524 98 1546 .
123 1483 219 1553 lippus
233 1478 432 1550 Peripateticus
453 1492 554 1534 summa
577 1493 638 1533 oum
653 1480 739 1536 laude
762 1480 914 1549 docebant,
937 1481 1036 1555 qulbus
1056 1491 1110 1538 nou

123 1571 214 1634 recte,
232 1570 261 1619 ut
275 1563 395 1631 videtur,
416 1558 603 1618 Philodemum
618 1562 794 1638 Epicureum,
810 1566 889 1620 cuius
905 1523 1035 1620 Ηοιιιιίιιι
1052 1561 1109 1618 Sat.

122 1652 153 1719 Ι,
170 1655 202 1718 2,
220 1653 268 1706 121
285 1647 450 1714 mentionem
466 1647 546 1716 lacit,
570 1647 760 1712 adnumerant;
784 1665 818 1704 eu
834 1649 906 1704 eninr
921 1648 1042 1704 fortasse
1059 1649 1112 1702 iam
1169 1658 1170 1663 ’

93 1787 98 1806 ,
123 1735 241 1802 hornae,
262 1732 309 1800 ubi
330 1731 379 1784 ille
400 1732 634 1801 commorabatur„
654 1739 838 1804 praeceptore
858 1749 924 1788 usas
946 1737 1014 1790 erat.
1060 1731 1123 1788 Er-'

123 1821 291 1873 ructantem
307 1829 367 1869 cunr
381 1814 418 1884 ii,
436 1814 481 1885 qul
500 1832 535 1870 ex
553 1816 602 1870 illo
618 1807 682 1872 lodo
698 1816 784 1888 Epist.
803 1816 845 1887 Η,
859 1823 887 1887 23
901 1822 1011 1876 43-45
1028 1835 1110 1888 supra

124 1903 209 1958 allato
230 1899 366 1968 colligere
385 1914 470 1970 posse
486 1899 540 1956 sibi
555 1899 699 1970 videntur,
723 1912 783 1955 enin
798 1901 914 1957 Athenis
931 1903 1112 1974 geometriam
1147 1887 1152 1900 ‘

126 1985 277 2052 didicisse
297 1989 352 2037 tum
368 1982 404 2052 ti,
424 1983 469 2053 qui
486 1999 547 2038 eum
561 1983 728 2039 Academiae
745 1991 846 2040 tantum
862 1986 1027 2057 disciptinae
1044 2001 1111 2056 ope-

126 2085 185 2124 rarn
201 2068 314 2124 dedisse
328 2073 430 2138 putant.
470 2065 639 2138 Quamquam
652 2069 722 2122 enirn
745 2070 806 2124 linis
820 2069 986 2125 horatianae
999 2069 1111 2140 sapien·
1121 2093 1123 2096 ·

126 2155 183 2209 tiae
198 2153 307 2208 uidetur
322 2151 410 2206 luisse
426 2167 510 2208 aurea
530 2153 578 2206 illa
592 2151 821 2208 Academicorum
836 2154 1028 2215 medicantem
1057 2165 1111 2206 non

103 2229 106 2235 ’
126 2237 260 2294 tamenin
277 2235 403 2292 omnibus
420 2251 516 2291 eornm
530 2241 679 2307 praecepta
694 2237 846 2308 probabat,
869 2225 897 2291 el
911 2243 975 2308 post
977 2251 1009 2292 ea
1032 2234 1111 2288 nul-

125 2323 181 2377 lius
197 2319 347 2386 addictus
340 2337 433 2376 iurare
450 2337 478 2375 ιιι
494 2319 579 2376 verba
595 2317 737 2389 magistri
753 2317 900 2394 (Epist.
873 2321 885 2374 l
918 2319 949 2390 l
964 2326 999 2378 24
1015 2315 1110 2392 seqq)

125 2420 226 2478 sapere
248 2405 274 2460 ei
290 2405 378 2461 visum
400 2401 488 2474 est,
497 2421 580 2460 verae
603 2413 787 2475 numerosque
809 2405 961 2474 modosque
984 2403 1110 2458 ediscere

125 2489 220 2568 vitae{
238 2487 341 2564 (Epist.
359 2488 399 2558 Η,
415 2493 447 2558 b,
469 2484 543 2563 144).
594 2487 680 2554 Quam
700 2494 790 2566 tannen
807 2490 882 2544 clare
899 2493 1046 2559 perspecta
1062 2489 1111 2543 ha-

37 2567 43 2574 ’
124 2574 220 2630 buerit
234 2573 369 2642 omniurn,
393 2579 421 2628 et
434 2586 485 2628 suo
506 2579 630 2644 tempore
647 2573 817 2642 durentiam,
840 2579 868 2628 et
882 2573 1004 2644 priorum
1019 2572 1110 2644 philo-

126 2659 277 2729 sophorum
293 2663 442 2729 praecepta
460 2663 488 2712 et
500 2657 680 2728 disciplinae,
696 2673 755 2712 oum
772 2671 807 2714 ex
823 2657 948 2713 omnibus
965 2656 1024 2711 eius
1042 2665 1127 2726 poe-1
1174 2684 1179 2695 ·

125 2743 245 2798 mutibus
260 2749 315 2795 tum
336 2742 452 2796 maxime
471 2757 506 2796 ex
528 2737 655 2812 epistolis
676 2730 857 2797 verae‘vitae
879 2740 1033 2812 sapientiae
1050 2737 1120 2812 ple-'

125 2826 249 2882 cissimis
270 2826 338 2881 satis
360 2832 483 2898 apparet.
528 2825 621 2896 Neque
644 2841 713 2881 vero
730 2825 846 2881 Athenis
863 2843 895 2882 ea
913 2825 1053 2895 neglexit,
1078 2822 1112 2877 ad

91 2897 94 2912 ’
126 2927 243 2982 quornm
259 2909 377 2965 studium
394 2911 447 2964 ianr
464 2909 565 2965 homae
588 2909 716 2966 incitatus
735 2907 803 2965 erat.
855 2909 919 2982 lpse
940 2909 1028 2978 enim,
1052 2923 1112 2962 cum

125 2995 240 3066 ‘ingeni
260 2987 408 3064 benignam
434 2993 546 3050 venarn'
569 2995 623 3049 sibi
646 2993 782 3062 atinate,
809 3001 967 3049 nascentem
992 2991 1111 3064 placidis

123 3081 274 3134 luminibus
286 3077 463 3148 uidentibuS‚
481 3079 570 3134 datam
585 3095 648 3133 esse
664 3077 765 3133 indies
780 3075 945 3133 luculentius
961 3075 1112 3146 cognovis-

125 3167 185 3233 set,
208 3168 238 3217 ut
260 3163 361 3218 laetius
381 3161 430 3218 illa
448 3161 560 3231 flueret,
584 3161 798 3232 diligentissime
819 3163 935 3219 animum
955 3161 990 3216 ad
1013 3159 1112 3233 poesin

125 3248 259 3304 Graecam
275 3247 409 3318 applicuit
424 3263 510 3318 seque
524 3253 609 3302 totam
626 3246 660 3302 ad
675 3244 841 3302 Graecorum
857 3245 1023 3317 elegantiam
1038 3257 1112 3299 ccm-

124 3333 227 3404 posuit.
268 3331 340 3397 Quin
363 3331 445 3386 etiam
467 3349 527 3387 eum
548 3320 694 3400 tentasse,¹
716 3330 782 3400 quid
803 3332 831 3386 in
848 3330 962 3392 Graecis
982 3329 1111 3384 versibus

124 3417 283 3472 scribendis
302 3419 415 3488 posset,
444 3415 586 3487 colligitur
607 3431 621 3470 e
644 3413 701 3471 Sat.
722 3413 752 3486 l,
772 3421 821 3487 10,
844 3420 892 3474 30:
926 3412 1034 3484 ‘Atque
1056 3429 1111 3483 ego
1190 3427 1192 3434 ¹
