2556 3988
93 251 293 353 ,inpiam
440 264 443 267 ·
502 251 611 311 urnae
629 250 665 310 u.
707 317 709 324 ,
1020 249 1078 312 aur

116 399 152 460 llt
164 403 294 462 iuvenum
306 404 359 462 ritu
371 403 472 464 dorent
483 404 568 464 modo
580 413 643 465 nata
652 405 816 482 vigentque.

116 484 261 546 Debentur
270 489 352 547 morti
358 497 416 547 'nos
428 497 591 566 nostraque.
616 489 683 547 Sive
695 497 828 565 receptus

117 568 203 629 'lema
211 566 363 649 Neptunus
375 571 483 632 classes
494 572 683 652 Aquilonibus
694 579 781 652 arcet,

116 652 207 732 Regis
219 669 309 732 opus,
325 655 486 735 sterilisque
502 656 548 717 diu
560 654 640 733 palus
652 663 773 734 aptaque
783 657 868 716 remis

117 738 230 798 Vicinas
242 737 327 798 urbes
342 739 391 800 alit
402 749 431 799 et
441 757 529 818 grave
539 741 624 800 sentit
636 747 767 815 aratrum,

116 823 174 882 Seu
187 838 299 882 cursum
311 826 426 883 rnutavit
436 825 561 904 iniquum
573 823 702 900 frugibus
713 825 811 897 amnis,

115 906 225 966 Doctus
242 909 297 968 iter
307 907 423 977 melius:
440 908 567 969 mortalia
578 907 651 967 lacta
663 907 807 984 peribunt:
832 955 836 972 ,

115 989 226 1050 Nedum
246 1009 406 1052 sermonum
416 1001 472 1053 stet
481 993 573 1053 honos
585 1000 614 1051 et
623 993 713 1069 gratia
723 993 815 1050 vivax.
835 1036 838 1042 .

115 1072 203 1134 Multa
215 1084 397 1136 renascentur
408 1093 480 1156 quae
492 1077 546 1136 iam
558 1075 706 1152 cecidere,
726 1074 884 1152 cadentque

117 1157 198 1231 Quae
210 1178 283 1223 nunc
296 1170 359 1220 suut
372 1161 519 1221 inhonore
534 1157 688 1236 vocabula,
705 1161 729 1218 si
740 1157 819 1218 volet
830 1177 909 1237 usus,

118 1241 209 1315 Quem
221 1260 310 1322 penes
322 1246 463 1304 arbitrium
476 1253 520 1304 est
531 1253 560 1302 et
570 1247 614 1302 ius
625 1252 654 1303 et
664 1261 760 1303 norma
771 1241 915 1321 loquendi.

117 1325 176 1385 Res
188 1336 288 1404 gestae
299 1347 455 1407 regumque
467 1329 625 1406 ducumque
636 1335 664 1386 et
678 1328 768 1386 tristia
780 1325 855 1389 bella

119 1409 183 1483 Quo
197 1413 282 1472 scribi
298 1421 417 1490 possent
427 1430 564 1489 numero,
579 1412 744 1471 monstravit
753 1409 902 1470 llomerus.

14 1504 22 1526 ·‘
116 1493 255 1554 Versibus
266 1498 410 1575 impariter
420 1499 523 1556 iunctis
535 1497 709 1575 querimonia
719 1497 847 1573 primum,

115 1576 184 1638 Post
195 1581 278 1640 etiam
289 1579 396 1639 inclusa
409 1590 453 1639 est
462 1583 521 1641 voti
536 1581 673 1641 sententia
685 1591 824 1656 compos:t

117 1661 188 1736 Quis
199 1671 291 1723 tamen
308 1667 427 1742 exiguos
439 1664 540 1742 elegos
553 1665 678 1723 emiserit
688 1672 796 1738 auctor,

116 1744 293 1806 Grammatici
306 1757 412 1808 certant
423 1757 452 1807 et
463 1749 554 1808 adhuc
564 1748 616 1807 sub
628 1746 722 1807 iudice
732 1747 768 1806 lis
780 1755 833 1806 est.

115 1827 317 1891 Archilochum
330 1834 446 1910 proprio
460 1833 552 1891 rabies
565 1833 681 1892 armavit
692 1831 800 1890 iiimbo:
830 1851 845 1891 s

114 1912 195 1973 lluno
209 1917 287 1973 socci
299 1932 406 1993 cepere
418 1914 520 1992 pedem
530 1913 708 1992 grandesque
721 1914 859 1991 cothurni,

113 1995 239 2056 Alternis
252 2007 347 2075 aptum
358 1998 533 2058 sermonibus
545 2007 574 2056 et
585 1997 737 2076 populares
826 2045 830 2052 .

111 2079 280 2140 Vincentem
291 2083 424 2158 strepitus
436 2091 466 2140 et
480 2089 571 2140 natum
581 2081 667 2142 rebus
678 2080 807 2159 agendis.

113 2162 196 2224 lllusa
209 2162 286 2224 dedit
297 2163 397 2224 fidibus
410 2163 491 2224 divos
502 2182 666 2244 puerosque
677 2164 803 2240 deornm,

113 2245 152 2307 llt
162 2247 287 2326 pugilem
298 2251 435 2308 victorem
447 2258 476 2308 et
486 2267 588 2327 equum
599 2245 751 2308 certamine
762 2250 890 2326 primurn,

113 2329 151 2392 Et
162 2333 293 2392 iuvenum
305 2349 385 2391 ouras
398 2341 427 2391 et
437 2332 526 2392 libera
537 2333 600 2392 vina
614 2332 732 2392 referre.

112 2415 281 2499 Descriptas
292 2433 406 2476 serrare
415 2418 496 2476 vices
507 2433 682 2494 operumque
694 2413 818 2490 colores,

114 2496 173 2558 Gur
185 2515 260 2575 ego,
281 2501 306 2559 si
318 2515 431 2578 nequeo
443 2502 619 2578 ignoroque,
635 2507 723 2577 poeta
733 2495 861 2558 solutori

113 2579 173 2642 Gur
183 2583 296 2642 nescire
306 2582 416 2660 pudens
428 2601 514 2661 prave
526 2601 609 2662 quam
624 2583 735 2643 discere
746 2579 842 2642 malo?

14 2657 20 2674 '
111 2665 251 2726 Versibus
264 2669 369 2744 exponi
382 2669 499 2744 tragicis
513 2685 560 2726 res
574 2669 682 2726 comica
692 2683 748 2725 non
758 2661 831 2734 vult;

112 2748 277 2827 Indignatdr
287 2752 355 2811 item
367 2753 483 2828 privatis
494 2769 529 2810 ac
540 2766 631 2829 prope
643 2765 730 2810 socco
931 2760 932 2763 ’

111 2833 214 2910 Dignis
226 2835 394 2894 carminibus
404 2836 508 2894 namuri
518 2851 607 2894 coena
622 2834 772 2910 Thyestae.

48 2976 55 2988 ,
71 2931 90 2978 ,·
112 2916 231 2993 Singula
244 2934 375 2998 quaeque
386 2917 481 2978 locuni
492 2927 605 2978 teneant
616 2921 714 2978 sortita
726 2917 868 2977 decenter.

110 2999 256 3062 Interdum
265 3009 360 3064 tamon
370 3012 400 3063 et
410 3019 512 3063 rocem
524 3002 672 3062 comoedia
684 3001 767 3077 tollit,

110 3081 261 3164 lratusqne
274 3083 410 3146 Chremes
425 3086 531 3147 tumido
542 3085 670 3164 delitigat
681 3103 746 3152 ore;

110 3165 149 3226 Et
160 3170 284 3246 tragicus
296 3169 464 3249 plemmque
479 3170 558 3230 dolet
568 3187 698 3230 sumone
714 3167 840 3246 pedestri
860 3195 877 3232 ο
912 3217 916 3224 .
965 3163 968 3179 '

110 3247 258 3328 Telephus
271 3260 301 3312 et
310 3252 431 3331 Peleus,
447 3271 511 3314 cnm
523 3271 632 3332 pauper
643 3262 671 3326 et
682 3250 763 3312 exsul
775 3261 907 3330 uterque·

17 3371 20 3376 -
109 3331 227 3394 Proiicit
240 3335 745 3415 ampullasetsesquipedaliaverba‚
972 3345 974 3350 '
