2536 3986
104 235 294 339 [ouem
373 327 381 333 ,
433 241 435 245 ’
487 253 665 318 munau.
767 309 771 318 .

257 408 309 469 llle
322 417 350 467 te
361 425 471 468 mecum
481 407 564 468 locus
580 416 608 468 et
618 408 716 468 beatae
747 459 752 466 Δ

255 492 401 552 Postulant
413 509 508 561 arces3
525 490 564 551 ibi
578 500 608 552 tu
621 491 756 552 calentem
800 501 803 506 ’

256 575 359 637 Debita
370 593 488 654 sparges
500 575 614 635 lacrima
629 575 750 637 favillam

329 659 407 719 Vatis
421 661 512 720 amici.
821 665 828 674 ’

493 924 719 981 onnam·

409 1041 466 1094 ar>
496 999 768 1099 ecmannum.

259 1164 382 1240 Osaepe
395 1179 504 1221 mecum
519 1171 629 1239 tempus
645 1164 673 1225 in
686 1163 812 1224 ultimum

258 1246 388 1308 Deducta
398 1244 484 1304 Bruto
501 1242 616 1304 militiae
632 1242 716 1320 duce,

310 1328 381 1403 Quis
394 1338 422 1390 te
432 1327 581 1398 redonavit
592 1328 730 1403 Quiritem

358 1413 410 1472 Dis
423 1415 520 1512 patriis
530 1411 660 1491 Italoque
672 1412 768 1491 coelo,

258 1548 375 1626 Pompei
390 1560 517 1606 meorum
531 1548 620 1624 prime
633 1547 780 1624 sodalium,

149 1699 151 1704 ,
260 1630 331 1692 (lum
347 1649 404 1710 quo
416 1639 571 1691 morantem
584 1649 670 1709 saepe
681 1625 758 1690 diem
772 1649 849 1693 mero

167 1780 168 1783 ,
273 1771 278 1784 ,
307 1715 403 1793 Fregi‚
420 1723 570 1774 coronatus
585 1716 706 1774 nitentes

363 1798 539 1859 llalobathro
552 1797 636 1874 Syrio
648 1787 796 1876 capillos?

238 1959 244 1967 *
260 1931 365 1993 Tecum
377 1931 524 2012 Philippos
540 1940 569 1991 et
584 1931 707 1990 celerem
721 1932 815 2010 lugam
902 1993 908 2006 ,

250 2014 344 2078 'Sensi
358 2015 457 2075 relicta
467 2032 524 2076 non
539 2013 614 2074 bene
625 2015 758 2092 parmula,

312 2099 382 2160 Cum
393 2098 482 2158 fracta
492 2100 580 2156 uirtus
595 2105 623 2156 et
633 2099 756 2158 minaces

367 2181 461 2258 Turpe
474 2180 565 2240 solum
576 2182 698 2258 tetigere
711 2191 816 2243 mento.

155 2356 157 2360 -
262 2317 319 2378 Sed
334 2335 381 2376 me
395 2297 446 2396 per
465 2313 563 2374 hostes
573 2313 730 2374 Mercurius
743 2315 820 2376 celer

183 2451 185 2456 .
260 2402 359 2463 Denso
373 2407 520 2479 paventem
534 2397 646 2456 sustulit
657 2404 738 2466 adre;
863 2401 864 2404 ’

310 2484 353 2545 'l'e
363 2501 460 2544 rursus
472 2485 501 2541 in
511 2477 615 2542 bellum
623 2481 777 2541 resorbens

364 2566 444 2628 Unda
458 2565 538 2626 fretis
549 2565 611 2625 tulit
622 2567 772 2628 aestuosis.

170 2703 173 2705 ’
260 2701 338 2781 Ergo
352 2702 504 2780 obligatam
515 2698 602 2760 redde
614 2697 676 2758 lovi
688 2699 800 2778 dapem,

261 2785 414 2864 longaque
425 2785 533 2845 lassum
542 2782 639 2842 militia
650 2782 722 2842 latus

314 2870 436 2947 Depone
451 2869 503 2930 sub
519 2866 598 2927 lauru
612 2885 675 2926 mea
685 2884 740 2926 nee

365 2953 453 3014 Parce
465 2951 542 3012 cadis
554 2951 604 3011 tibi
617 2949 772 3011 destinatis.

264 3088 413 3149 Oblivioso
427 3087 501 3146 levia
513 3083 638 3150 Massico

265 3170 379 3232 Cibaria
392 3170 487 3249 exple,
507 3169 593 3229 funde
609 3165 761 3245 capacibus

314 3254 462 3333 Unguenta
478 3253 513 3312 de
526 3251 652 3312 conchis.
676 3247 747 3322 Quis
759 3247 815 3308 udo

368 3337 570 3417 Deproperare
580 3335 645 3413 apio
658 3348 777 3392 coronas
