2556 3990
395 221 428 280 Q.
450 221 596 269 nondun
617 221 752 270 subeor.
1023 223 1068 268 bv

87 383 196 460 Epodcs
213 397 268 436 uon
284 379 417 447 seorsim,
441 379 491 434 sed
509 381 666 451 promiscua
684 381 874 453 composuisse
893 381 963 436 intra
983 396 1069 436 annos

88 484 113 520 ιι.
126 483 149 520 c.
166 469 322 532 713-725,
335 468 362 518 et
374 462 486 533 Epodos
499 463 608 534 quidem
617 465 786 520 coniunctim
798 464 920 520 edidisse
933 482 957 520 a.
972 481 997 518 u.
1007 469 1070 533 724,

89 549 239 605 Satirarum
249 562 318 603 varo
337 547 436 602 librum
453 547 574 618 priorem
586 565 610 602 a.
624 565 650 604 u.
663 553 729 617 720,
747 549 863 603 alterum
875 564 899 603 a.
909 553 978 624 Ι726;
996 546 1071 602 Odc-

87 649 146 687 rcm
167 632 251 687 libros
268 633 460 702 desperares,
481 631 553 686 intra
572 646 658 689 annos
674 637 819 692 tao—730
837 632 976 704 scriptos,
997 648 1021 687 a.
1041 648 1068 686 u.

86 721 134 776 731
149 715 317 780 coniunctim
334 713 439 785 publici
457 714 526 770 iuris
538 715 659 784 iecisse,
680 716 868 786 Epistolarum
884 715 982 770 librum
991 717 1070 785 prab-

13 855 14 872 ,
86 815 142 854 rem
153 801 227 854 intra
240 816 264 854 a.
278 815 304 853 u.
317 802 462 857 778-734
473 797 604 869 scriptum
616 815 640 854 a.
653 803 704 859 733
718 798 793 856 foras
805 799 918 855 dedisse
926 817 933 865 ;
954 800 1072 855 Carmen

85 885 228 938 saeculare
236 899 260 939 a.
269 897 294 936 u.
303 887 353 941 737
363 887 503 946 cantasse;
517 880 638 937 Odarum
650 882 748 936 tibrum
758 888 884 954 quartum
891 882 970 939 libris
983 883 1070 937 tribus
1171 875 1174 886 “

87 967 228 1038 prioribus
245 965 322 1020 iussu
333 964 452 1034 Augusti
467 981 502 1020 ex
519 965 603 1036 longo
617 966 764 1023 intervallo
782 983 806 1022 c.
820 984 845 1022 a.
857 982 883 1019 u.
897 970 946 1025 741
964 966 1009 1020 vel
1020 970 1072 1025 742

87 1050 242 1113 addidisse;
265 1048 450 1120 Epistularum
461 1049 581 1119 denique
591 1050 691 1104 libram
701 1051 816 1106 altarum
829 1066 889 1104 curn
898 1048 1024 1121 Epistola
1037 1048 1072 1103 ad

86 1133 201 1189 Pisones
213 1133 284 1188 intra
296 1136 533 1191 annos741—745
541 1133 673 1206 scriptum
684 1150 708 1189 a.
717 1151 743 1188 ιι.
752 1137 803 1192 745
813 1133 859 1188 vel
869 1137 921 1193 746
933 1133 1069 1187 emisisse.

119 1271 123 1276 ,
168 1214 400 1282 Quemadmodum
412 1215 518 1272 Horatii
537 1215 625 1272 adbuc
643 1216 763 1273 viventis
785 1216 905 1274 carmina
921 1216 994 1290 edita
1011 1212 1071 1280 ‘in-

12 1339 14 1354 .
86 1300 184 1369 gennis
201 1299 290 1354 oculis
302 1300 466 1369 legebantur
482 1300 661 1372 manibusque
673 1297 854 1355 tenebantur'
877 1295 979 1373 (Epist.
992 1299 1070 1368 l,·19,

85 1389 117 1442 31
129 1378 223 1455 sep),
238 1382 292 1452 ita,
305 1388 434 1454 superata
446 1384 600 1454 aequalium
616 1384 736 1452 invidia,
755 1389 877 1438 mortuus
892 1382 964 1454 apud
975 1389 1072 1453 poste-

84 1481 131 1521 ros
142 1466 225 1523 laude
237 1467 390 1522 crescebat.
434 1466 494 1523 lton
507 1467 578 1523 enim
595 1469 683 1522 solum
695 1468 728 1523 ab
742 1467 883 1535 omnibus,
907 1465 952 1536 qui
970 1465 1071 1520 cruditi

85 1555 113 1603 ct
124 1549 271 1619 elegantes
287 1550 396 1616 censeri
414 1551 560 1619 volebant,
585 1551 748 1621 legebatur,
772 1550 822 1606 sed
840 1550 937 1617 etiam,
960 1548 1071 1603 vivente

85 1633 190 1700 adbuc,
206 1638 236 1686 nt
247 1633 371 1702 videtur,
388 1633 531 1704 Augusto,
551 1649 637 1690 annos
651 1636 711 1690 iere
727 1641 785 1689 tres
803 1639 831 1688 et
846 1627 945 1703 viginti
964 1631 1071 1686 Horatii

12 1781 13 1784 Ἴ
84 1717 252 1788 superstite,
274 1717 301 1771 in
314 1715 554 1773 Grammaticorum
565 1719 686 1788 sobolis,
702 1717 732 1774 id
745 1717 817 1788 quod
833 1717 894 1788 ipse
905 1721 988 1788 poeta
1000 1715 1072 1770 vati-

85 1801 192 1854 cinatus
205 1806 265 1856 erat
276 1800 363 1871 Epist.
376 1801 403 1870 l,
414 1807 464 1870 20,
478 1807 509 1860 17
523 1817 619 1872 seqq.,
637 1793 815 1858 tractabaturss
850 1799 916 1856 Nam
928 1815 988 1856 curn
1002 1799 1071 1854 Sue-

84 1883 176 1938 tonius
193 1884 229 1938 de
247 1884 346 1938 illustr.
361 1900 472 1954 gramm.
487 1901 510 1938 c.
525 1891 558 1944 1¹6
575 1885 687 1941 scribit:
711 1881 762 1950 ‘Q
776 1882 915 1940 Caecilius
926 1881 1071 1954 Epirota',

85 1966 131 2036 qui
142 1973 333 2038 postmortem
346 1967 468 2024 Cornelii
480 1951 553 2024 delli
565 1970 688 2024 scholam
703 1968 822 2040 aperuit,
836 1967 956 2022 ‘dicitur
967 1965 1070 2036 primus

83 2050 232 2120 Virgilium
249 2057 277 2104 et
288 2051 358 2107 alios
381 2057 477 2122 podtas
489 2066 570 2108 novos
587 2053 753 2124 praelegere
765 2050 911 2123 coepisse'
922 2090 930 2119 ,
948 2050 975 2104 in
987 2049 1071 2114 noum,

84 2135 132 2203 qui
143 2140 319 2205 opponuntur
330 2134 488 2202 veteribus,
500 2135 577 2190 Livio
588 2135 762 2204 Andronico,
778 2134 877 2203 Ennio,
892 2133 968 2201 aliis,
984 2131 1072 2187 luisse

83 2216 226 2272 Horatium
237 2217 374 2273 dubitabit
391 2233 489 2286 nemo,
510 2218 556 2288 qui
573 2217 659 2287 sciat,
681 2220 754 2273 buno
772 2218 832 2282 lere
844 2217 946 2288 ubique
958 2215 996 2270 ita
1012 2231 1071 2269 cum

82 2300 205 2370 Virgilio
217 2301 353 2372 componi.
366 2301 430 2356 Vid.
440 2299 551 2366 Quintil.
560 2300 647 2357 lnstit.
657 2318 699 2357 or.
708 2303 796 2370 l,8,5.
807 2307 832 2360 6.
841 2299 962 2356 luvenal.
971 2303 1070 2368 ⁷222&

167 2379 336 2440 ‘Dummodo
352 2400 406 2440 non
418 2391 515 2457 pereat
528 2384 642 2440 totidem
655 2385 789 2440 olfecisse
802 2384 930 2439 lucernas

168 2449 241 2533 bum
251 2469 361 2524 stabant
371 2469 467 2540 pueri,
480 2485 560 2539 quum
573 2475 645 2524 totus
660 2465 776 2524 decolor
791 2472 868 2522 esset

166 2552 300 2621 Flaccus,
317 2557 344 2606 at
354 2553 485 2609 haereret
496 2553 577 2622 nigro
590 2552 679 2622 luligo
690 2550 831 2608 Marcni'.

80 2635 188 2691 Asson.
202 2634 293 2704 Edyll.
306 2640 324 2693 4
340 2635 375 2692 ad
386 2641 514 2708 nepotem
525 2635 677 2691 Ausonium
689 2635 724 2691 dc
735 2633 827 2691 studio
839 2633 954 2704 puerili,
967 2651 1007 2689 vs.
1022 2640 1069 2693 56:

166 2715 223 2773 ‘Te
235 2723 403 2790 praeeunte,
416 2735 504 2791 nepos
515 2761 524 2789 ,
536 2720 674 2776 modulata
691 2724 815 2791 poe'mata
828 2717 939 2785 Flacci,

166 2802 378 2873 Altisonumque
389 2803 489 2858 iterum
503 2804 544 2859 ias
557 2810 600 2858 est
611 2802 745 2859 didicisse
756 2801 930 2856 Maroncm'.

80 2887 165 2942 lmmo
179 2901 233 2940 non
246 2886 335 2941 solum
347 2887 534 2956 grammatici,
554 2888 605 2942 sed
617 2888 699 2942 etiam
710 2887 838 2941 rhetores
850 2885 1071 2957 interpretaban-

80 2975 125 3025 tur
137 2975 283 3040 utrumquc
302 2975 427 3042 poetam,
449 2975 478 3024 ut
496 2970 593 3041 colligi
610 2976 703 3043 potest
721 2969 837 3024 el'aciti
853 2969 887 3024 dc
906 2976 987 3025 oratt.
1007 2985 1066 3039 cap.

78 3059 121 3112 20.
160 3051 237 3108 *Cum
256 3059 346 3108 autem
363 3054 398 3109 ad
414 3052 521 3108 Horatii
544 3055 708 3122 carminum,
735 3052 850 3108 maxime
872 3051 1023 3130 Satirarum
1043 3057 1071 3106 et

79 3137 268 3208 Epistolarum
284 3136 453 3192 intellectum
469 3143 524 3192 tam
540 3138 682 3193 multarum
696 3152 787 3192 rerum
802 3136 926 3206 cognitio
943 3136 1070 3207 requira-

79 3227 133 3290 tur,
144 3228 176 3275 ut
187 3221 249 3291 ipsa
262 3220 314 3275 iarn
320 3219 462 3290 Augustae
475 3227 564 3278 aetate
577 3222 675 3276 multos
687 3209 765 3276 locos
778 3220 944 3275 enodatione
956 3218 1070 3289 eguisse

79 3311 224 3374 oporteat:
248 3303 331 3358 facile
343 3311 386 3360 est
401 3305 436 3360 ad
452 3305 677 3375 intelligendum,
695 3310 799 3359 maturo
817 3304 960 3358 exstitisse
978 3319 1070 3371 gram-

77 3388 213 3457 maticos,
227 3387 273 3458 qui
286 3387 405 3443 carmina
416 3389 624 3450 commentando
636 3388 737 3442 ceteris
751 3393 815 3442 ncta
828 3386 959 3442 lacerent.
988 3385 1071 3465 Tales¹

77 3470 249 3544 interpretes
263 3487 285 3536 s.
299 3470 466 3528 Sclaoticstoe
479 3471 584 3528 Horatii
598 3473 625 3526 in
638 3471 756 3542 antiquis
776 3475 875 3543 po'e‘lac
887 3470 952 3526 vitis
965 3484 1067 3524 memo-
