2556 3990
398 339 402 344 Ι
513 217 776 308 'cunumnu
980 254 1165 323 [onasus]
1269 269 1270 296 ι

253 407 256 420 “
350 399 391 462 Tc
402 419 517 480 semper
527 402 613 462 anteit
624 417 709 460 saeua
722 399 900 479 Necessitas,

351 485 456 546 Clavus
468 484 591 545 trabales
604 493 632 543 et
645 493 752 544 cuncos
763 501 846 543 manu
870 527 872 535 ι

401 567 520 630 Gestans
535 569 634 643 ahena,
651 586 705 627 nec
716 586 834 628 severus

452 652 549 714 Uncus
560 653 641 712 abest
652 652 845 730 liquidumque
857 651 1010 730 plumbum.
1032 696 1040 704 .

349 786 391 848 'l'e
406 788 481 866 Spes
494 796 523 848 et
533 785 598 847 albo
608 803 671 845 nara
681 783 767 846 Fides
777 788 844 849 colit

348 871 447 932 Velata
461 888 564 951 panno,
580 888 634 930 nec
645 872 776 931 comitem
788 874 918 953 abnegat,

398 955 548 1033 Utcunque
561 963 664 1014 mutata
678 964 809 1030 potentes

452 1038 542 1098 Veste
557 1037 657 1097 domos
670 1039 781 1100 inimica
790 1040 905 1119 linquis.

346 1171 383 1232 At
393 1171 496 1250 vulgus
508 1173 620 1234 infidum
632 1181 660 1232 et
672 1177 805 1234 meretrix
815 1185 891 1235 retro

348 1256 460 1317 l'oriura
473 1255 558 1334 cedit,
576 1256 723 1333 diffugiunt
734 1259 812 1318 cadis
954 1329 959 1339 Ι

400 1339 470 1400 Cum
483 1341 565 1401 lacco
577 1342 690 1400 siccatis
706 1345 799 1419 amici,
866 1369 868 1375 ’

452 1423 538 1484 Ferre
549 1427 645 1502 iugum
657 1429 762 1501 pariter
774 1427 876 1488 dolosi.

347 1558 452 1618 Servos
467 1559 569 1617 iturum
581 1555 732 1618 Caesarem
747 1562 775 1619 in
787 1562 899 1623 ultimos

157 1692 159 1699 .
197 1643 239 1706 30
313 1698 315 1704 s
349 1641 432 1702 Orbis
443 1640 601 1716 britannos,
620 1650 648 1700 et
663 1645 793 1724 iuvenum
807 1664 909 1706 recens

399 1723 525 1785 Examen
534 1723 604 1783 Eois
615 1726 765 1785 timendum

452 1807 580 1868 Partibus
591 1807 764 1887 Oceanoque
775 1811 871 1872 rubro.

346 1942 408 2003 Heu
422 1943 477 2003 heu
494 1943 655 2002 cicatricum
668 1952 697 2002 et
709 1944 829 2004 sceleris
843 1947 930 2024 pudet

345 2025 541 2104 Fratrumque.
569 2025 643 2100 Quid
655 2044 708 2086 nos
720 2028 788 2088 dura
798 2030 955 2109 refugimus

397 2107 506 2171 Aetas?
522 2110 589 2188 quid
601 2113 733 2172 intactum
742 2112 844 2188 nelasti

444 2192 608 2272 liquimus?
627 2195 708 2256 Unde
721 2215 831 2258 manum
847 2200 976 2258 iuventus

344 2328 422 2391 bletu
434 2330 550 2390 deorum
561 2332 716 2394 continuit?
737 2334 839 2413 quibus

344 2413 564 2493 Peperoiturisl
583 2415 805 2478 Outinamnova
852 2411 854 2417 ’

396 2496 502 2559 lncudo
514 2499 643 2578 diffingas
654 2511 778 2563 retusum
793 2504 822 2560 in

448 2582 625 2661 Massagetas
636 2586 801 2665 Arabasque
814 2582 932 2644 ierrunnl

545 2855 645 2918 cnm
655 2826 818 2912 mus.

401 2961 953 3016 rnnunruonnnonnnnmnnn.

318 3073 320 3077 ’
340 3067 378 3130 Εῑ
388 3071 469 3133 thure
481 3083 510 3134 ct
520 3074 620 3136 fidibus
632 3077 708 3138 iuvat

208 3153 213 3165 “
382 3152 784 3238 Placarectvitulisauguine
798 3159 894 3220 debito

341 3235 482 3299 Custodes
498 3241 635 3302 Numidae
651 3243 732 3319 deos,

383 3321 437 3396 Qut
449 3325 674 3404 nuncHesperia
689 3345 793 3406 sospes
809 3327 844 3388 ab
856 3327 951 3388 ultima
