2556 3990
122 247 187 316 [cu.
200 245 236 313 a]
319 323 322 330 Ι

533 239 644 300 LIBER
657 238 681 299 1.

514 413 614 501 orm
624 441 690 498 lx.

437 553 484 630 no
503 575 778 632 rnanrnncnunr.
812 530 838 572 ⁶
914 584 915 588 Ν

275 711 361 776 Vides
371 722 403 774 ut
413 714 469 776 alta
480 722 537 774 stet
550 716 617 774 nive
630 712 775 774 candidum

274 800 404 880 Soracte,
416 817 472 858 neo
483 800 537 858 iarn
548 799 702 858 sustineant
714 814 785 858 onus

326 881 421 943 Silvae
440 879 754 958 laborantes‚'geluque

378 965 503 1026 Flumina
519 966 695 1024 constiterint
706 971 799 1023 acuto.

272 1116 408 1179 Dissolve
423 1117 513 1196 frigus
525 1117 601 1194 ligna
619 1134 705 1194 super
716 1115 783 1175 foco

273 1202 363 1281 Largo
374 1219 527 1279 reponens,
541 1210 626 1278 atquc
636 1201 786 1277 benignius

324 1287 469 1364 Deprome
483 1283 656 1363 quadrimum
669 1283 783 1358 Sabina,

379 1369 402 1429 0
415 1367 591 1444 Thaliarche,
605 1385 712 1428 merum
723 1366 809 1447 diota.
840 1406 845 1415 ι

273 1519 406 1581 Permitte
419 1519 492 1579 divis
504 1529 609 1595 cetera,
624 1519 671 1598 qui
686 1516 769 1579 simul

274 1603 519 1664 Stravcre.vcntos
531 1619 657 1681 aequore
667 1601 778 1663 fervido

325 1686 564 1765 Deprosliantesp
576 1704 630 1747 nec
642 1688 771 1764 cupressi

376 1769 439 1831 Neo
454 1780 567 1830 veteres
582 1771 723 1849 agitantur
735 1771 807 1829 orni.
918 1791 920 1795 ·

276 1921 351 1996 Quid
362 1923 398 1980 sit
413 1921 534 1983 futurum
547 1941 620 1999 cras,
637 1922 705 2000 iuge
716 1938 866 2000 quaerere,
886 1928 915 1979 et

275 2006 367 2080 Quem
378 2003 454 2065 Fors
464 1999 572 2066 dierum
584 2024 695 2083 cunque
708 2004 794 2082 dabit,
807 2004 886 2064 lucro

322 2089 457 2168 Appone,
469 2107 524 2148 nec
539 2088 637 2148 dulces
649 2106 760 2148 amores

378 2173 487 2250 Sperne
501 2190 581 2250 puer,
594 2189 688 2250 neque
698 2181 728 2232 tu
742 2172 872 2246 choreas,

272 2323 374 2385 Donec
388 2325 491 2384 uirenti
504 2327 622 2385 canities
635 2323 718 2384 abest

272 2408 396 2469 Morosa.
417 2406 499 2468 Nunc
511 2417 540 2468 et
552 2415 707 2493 campuspt
717 2422 801 2466 areae

286 2519 289 2527 «
323 2491 473 2570 Lenesquo
487 2493 539 2552 snb
554 2500 667 2552 noctem
681 2489 788 2548 susurri

379 2571 544 2654 Composita
553 2581 717 2654 repetantur
726 2573 806 2649 hora,

197 2784 201 2801 p
274 2726 356 2787 Nunc
369 2736 398 2788 et
409 2727 521 2789 latentis
530 2726 660 2806 proditor
670 2726 766 2785 intimo
824 2717 826 2721 ’

273 2808 377 2874 Gratus
390 2811 586 2889 puellacrisus
602 2810 636 2870 ab
656 2807 771 2886 angulo,
854 2839 865 2864 s

327 2894 491 2975 Pignusque
502 2895 647 2973 dereptum
658 2892 772 2952 lacertis

380 2977 437 3039 Aut
452 2979 540 3056 digito
554 2977 627 3037 male
640 2975 785 3054 pertinaci.

526 3171 671 3182 .......-..-
