2556 3990
102 194 169 396 μ
385 151 1020 448 canpe.
1244 375 1248 385 ,

400 849 739 940 PRAEFATIO.

163 1113 247 1210 Oum
256 1154 355 1236 abhinc
366 1155 1062 1233 quinquennioaTEUBNEltO,honestissimoviro,
1119 1221 1127 1237 ‚

84 1239 118 1293 de
137 1223 249 1293 lloratii
271 1238 410 1310 editione,
433 1257 512 1312 quam
527 1250 579 1298 JO.
593 1249 671 1300 cult.
689 1251 790 1311 JAHN,
814 1242 857 1296 vir
874 1243 1062 1316 doctissimum

83 1321 148 1403 inde
166 1322 200 1377 ab
217 1337 288 1377 anno
305 1327 372 1382 1824
387 1325 523 1395 usquead
539 1343 563 1383 a.
582 1333 651 1386 1850
672 1332 768 1398 quater
783 1339 884 1381 summa
900 1342 965 1383 cura
980 1345 1061 1399 para-

83 1406 188 1474 visset,
215 1405 306 1461 denuo
330 1407 488 1464 adornanda
507 1412 704 1481 compellatus,
731 1424 826 1480 munus
850 1408 920 1464 illud
942 1409 1061 1467 libenter
1136 1472 1139 1478 ,

82 1490 289 1561 suscepissem,
304 1489 332 1544 in
348 1507 380 1546 ea
397 1509 428 1547 re
444 1492 473 1547 id
488 1490 553 1548 mihi
570 1495 703 1564 agendum
719 1490 891 1561 existimavi,
908 1497 938 1547 ut
953 1493 1060 1564 eodem,

83 1588 138 1644 quo
154 1573 214 1643 ille,
228 1572 317 1649 sobrii
332 1574 429 1630 iudicii
446 1576 505 1645 vir,
521 1593 587 1632 usus
603 1581 679 1630 esset
694 1575 813 1630 consilio
829 1575 981 1647 eademque
995 1593 1061 1634 cura
1156 1571 1159 1588 ¹

82 1663 109 1711 et
126 1656 255 1712 cantione
271 1657 306 1713 ad
321 1664 476 1714 contextum
490 1665 588 1730 poetae
604 1657 800 1713 emendandum
815 1659 985 1714 accederem.
1029 1660 1059 1716 ln

100 1755 137 1795 uo
173 1741 315 1795 nidemne
355 1741 373 1795 t'
413 1743 419 1753 ’
500 1747 664 1795 natussum
695 1747 755 1795 utc
794 1747 805 1795 t
842 1747 853 1795 t
1005 1743 1011 1754 ’

7 1775 43 1874 ἔ
79 1755 181 1880 dlabniqo
198 1748 604 1885 οοηεῑὴιιξυοεἛνὲῖᾳίιινίᾰίιὶοιιθ
617 1782 729 1894 quadta,
744 1743 1058 1897 ἀῗῧέθῖιΐοῗῇεξΐιῗειέἰαα

80 1913 137 1962 tum
152 1923 213 1962 cum
229 1908 399 1978 antiquorum
413 1908 555 1974 librorum,
568 1912 596 1960 et
609 1908 774 1979 scriptorum
790 1914 818 1963 et
832 1907 907 1980 typis
923 1925 1058 1964 excusso-

80 1983 140 2046 rum
164 1991 302 2062 scriptura
326 2007 525 2061 compararem,
559 1991 868 2062 emendationibusque,
902 2008 972 2063 quae
997 1992 1058 2048 sine

6 2046 37 2073 x
79 2075 182 2134 idonea
198 2092 281 2131 causa
297 2081 324 2130 et
345 2078 440 2128 contra
461 2072 594 2126 librorum
617 2075 780 2144 optimorum
800 2075 881 2130 iidem
901 2075 930 2129 in
950 2075 1057 2130 lloratii

13 2163 23 2214 l
79 2151 239 2213 contextum
254 2159 347 2213 illatae
362 2171 450 2224 neque
465 2154 557 2208 Jalrnii
575 2170 661 2226 opera
676 2163 797 2213 remotae
813 2163 922 2226 essent,
947 2158 1057 2228 eiectis,

2 2219 31 2304 Q
79 2257 175 2297 veram
186 2247 309 2314 poetae,
333 2242 459 2308 quantum
475 2252 527 2308 pro
542 2238 729 2295 subsidiorum
743 2241 850 2297 ratione
866 2241 925 2296 lieri
949 2247 1057 2311 posset,

4 2351 22 2398 a
79 2325 242 2396 scripturam
257 2321 438 2377 restituerem.
467 2320 561 2392 Neque
577 2330 806 2396 verecellensis
821 2324 858 2379 iis
874 2323 974 2394 copiis,
989 2339 1056 2394 quas

13 2397 32 2422 “
80 2409 203 2481 quamvis
227 2407 318 2474 largas
333 2404 443 2475 priores
469 2403 576 2461 Horatii
598 2407 721 2464 editores
748 2407 976 2480 suppeditabant,
1002 2407 1056 2463 alia

78 2493 159 2547 etiam
176 2487 342 2558 exemplaria
358 2487 477 2559 scripta,
494 2504 607 2559 quorum
625 2492 780 2563 scripturae
795 2491 971 2559 varietatem,
987 2505 1056 2544 non-

77 2577 139 2630 dum
158 2573 185 2626 in
201 2572 289 2626 lucem
306 2571 423 2640 editam,
445 2573 480 2628 ad
501 2589 595 2628 manus
617 2574 767 2643 habebam,
791 2573 940 2642 diligenter
962 2573 1055 2644 perlu-

75 2655 170 2713 stravi,
217 2653 447 2720 Quemadmodum
475 2656 560 2726 igitur
587 2657 631 2712 lo.
657 2657 719 2712 Chr.
741 2657 829 2726 Jahn,
862 2655 907 2726 qui
931 2655 960 2710 G.
983 2657 1055 2714 Fene

74 2740 135 2795 ltali
159 2744 316 2793 contextum
343 2739 448 2810 primae
475 2739 593 2795 editioni
618 2757 685 2796 suae
711 2741 913 2796 fundamentum
938 2739 1054 2810 lecerat,

75 2822 200 2893 singulas
217 2822 353 2878 editiones
377 2823 457 2878 novis
475 2823 550 2878 curis
574 2824 705 2880 adhibitis
729 2822 931 2878 emendatiores
952 2823 1054 2892 emisit,

75 2913 118 2974 et,
139 2906 164 2960 si
185 2905 297 2974 longior
317 2905 398 2961 buius
412 2907 490 2962 'lucis
513 2923 596 2963 usura
617 2908 644 2962 ei
668 2905 849 2977 contigisset,
873 2906 1013 2962 Horatium
1038 2923 1054 2962 a

75 2989 300 3061 corruptelarum
309 2989 438 3046 sordibus
450 2990 538 3060 magis
555 2991 636 3047 etiam
648 2997 793 3063 purgatum
805 2990 928 3045 editurus
945 2989 1054 3058 luisset,

74 3074 115 3128 sic
129 3089 189 3142 me,
212 3089 293 3143 quum
313 3074 374 3128 dies
391 3073 464 3128 diem
479 3074 593 3144 doceat,
616 3069 670 3132 non
691 3075 719 3129 in
738 3075 862 3130 omnibus
883 3073 937 3129 viri
959 3065 1054 3127 'erudi-

75 3156 173 3212 tissimi
202 3158 357 3214 sententiae
378 3158 513 3214 accedere
535 3157 678 3229 potuisse,
701 3159 751 3213 sed
773 3159 835 3230 plus
857 3162 964 3212 centum
983 3155 1054 3210 locis

75 3241 157 3296 abeo
174 3240 343 3296 discessisse
360 3241 450 3296 libere
464 3239 563 3297 fateor.
839 3306 846 3318 Ι

156 3325 214 3380 lam
229 3340 290 3381 cum
305 3341 376 3380 nova
391 3331 490 3396 pob‘tae
515 3325 601 3382 editio
618 3324 835 3394 desideraretur,
851 3341 963 3397 operam
979 3323 1054 3392 dedi,

75 3409 214 3465 ulomaiu
239 3409 274 3464 de
300 3409 410 3480 integro
437 3408 635 3479 examinarem,
664 3424 733 3480 quae
759 3410 830 3467 intra
854 3411 906 3465 bos
935 3407 1054 3479 quinque
1120 3476 1122 3484 ‚

808 3500 851 3563 a*
994 3509 997 3516 '
