2556 3990
129 243 195 337 [ou.
208 203 339 323 nomi*
540 243 649 308 LIBER
660 244 683 305 1.

331 397 409 457 Po‘ne
421 396 473 458 suh
488 415 571 456 ourru
582 400 694 458 nimium
708 399 857 480 propinqui

206 524 212 529 -
331 481 447 542 Solisin
460 478 798 560 temadomilsusnegnta:

287 595 292 616 ι
329 564 422 626 Dulce
433 563 570 623 ridentem
583 563 706 643 Lnlugeu
717 566 826 642 amabo,
887 566 899 596 e

372 647 648 725 Duloeloquentem.

479 916 741 974 ⁰1)ssssOE

428 1033 491 1086 ΑΙ)
541 1033 787 1092 CHLOEN.

328 1155 407 1216 Vltus
419 1153 552 1216 hinnuleo
565 1173 611 1216 mo
623 1154 732 1231 similis,
749 1154 852 1234 culos,
873 1221 876 1228 ,

329 1239 482 1314 Quaerenti
497 1239 625 1318 pavidum
634 1239 776 1300 montibus
786 1242 857 1300 ariis

370 1324 488 1385 Matrem
503 1338 561 1384 uon
574 1326 636 1383 sine
646 1340 720 1383 vano

425 1407 561 1468 Auroram
572 1416 601 1468 et
611 1407 700 1468 siluae
710 1415 796 1466 meto.

326 1541 398 1602 Nam
409 1561 461 1604 seu
471 1542 622 1604 mobilibus
634 1544 709 1603 reris
728 1541 864 1602 inhorruit
1067 1541 1085 1603 5

326 1625 472 1688 Adventus
483 1626 572 1704 loliis,
586 1645 638 1688 seu
651 1624 757 1687 virides
768 1625 867 1686 rubum

368 1709 523 1772 Dimovere
534 1710 668 1788 lacertae,

424 1794 461 1855 Et
474 1793 561 1856 corde
574 1805 602 1856 et
613 1793 734 1873 genibus
746 1794 847 1854 tremit.

327 1928 413 2006 liqui
424 1945 481 1989 non
493 1945 549 2006 ego
564 1937 593 1989 te
606 1930 686 2006 tigris
701 1937 730 1987 ut
745 1944 846 2006 aspera

327 2012 499 2072 Gaetulusve
511 2011 558 2072 leo
570 2012 701 2089 frangero
716 2025 888 2089 persequor:
1048 2008 1088 2070 10

367 2093 491 2155 Tandem
506 2095 605 2154 desine
618 2104 732 2154 matrem
903 2101 905 2109 '

425 2177 606 2255 Tempestiva
617 2179 699 2258 sequi
713 2181 786 2238 viro.

488 2446 588 2502 olm
600 2449 729 2504 xxlv.

373 2563 420 2614 AD
433 2563 630 2616 VIRGILIUM
648 2561 844 2616 MARONEM.

296 2683 368 2759 Quis
380 2683 524 2744 desiderio
540 2688 577 2745 sit
588 2685 681 2764 pudor
692 2692 739 2744 aut
752 2681 853 2743 modus

295 2767 363 2828 Tam
375 2770 432 2830 ouri
448 2767 570 2846 ospitis?
588 2769 726 2846 Praecipo
738 2766 874 2846 lugubres

295 2851 411 2928 Cantus,
424 2850 616 2931 Melpomene,
631 2856 675 2914 oni
687 2851 821 2930 liquidem
832 2856 912 2928 poter
1031 2887 1039 2904 ,

344 2935 454 2995 Vocem
466 2954 529 2996 oum
542 2939 648 2998 eithara
662 2935 748 2996 dedis.

294 3071 374 3150 Ergo
395 3066 578 3140 Quinctilium
594 3075 751 3144 perpetuus
768 3081 858 3144 sopor
1074 3069 1094 3132 5

296 3151 404 3234 Urget!
428 3147 480 3210 Oui
498 3151 593 3212 Pudor
609 3159 637 3208 et
653 3150 781 3209 iustiliae
801 3167 900 3227 soror,

296 3231 584 3312 incommutabiles,
602 3233 735 3313 nulloque
752 3235 857 3293 veritos

359 3315 479 3389 Quando
496 3317 584 3377 ullum
603 3317 729 3376 inveniet
746 3315 866 3394 peremi
