2526 3986
183 231 246 296 ere
388 263 389 276 r
539 231 799 296 urrsromnun
964 239 1157 318 [spiens]

267 385 304 447 lti
316 387 367 446 tibi
379 383 498 446 divitias,
506 384 642 445 dederunt
652 395 797 464 artemque
808 386 928 448 fruendi.

268 469 345 543 Quid
353 477 457 529 voveat
467 467 543 529 dulci
554 469 690 529 nutricula
703 473 791 530 maius
806 471 927 549 alumno,

269 553 325 627 Qui
336 570 440 631 sapere
452 561 480 612 et
491 551 543 612 lari
556 555 650 631 possit
661 571 733 632 quac
744 558 861 634 sentiat,
888 567 917 617 et
931 561 977 616 coi

186 703 190 714 ,
207 641 247 703 10
269 636 380 714 Gratia,
398 636 489 712 lama,
505 635 638 697 valetudo
650 638 793 714 contingat
804 639 925 716 abunde,

247 785 251 804 Ι
265 719 302 782 Et
312 719 430 780 mundns
441 722 533 780 victus
543 735 600 780 non
612 719 761 782 deficiente
777 721 926 784 crumena?

151 797 154 812 '
265 803 342 865 luter
357 821 437 883 spem
449 821 616 883 curamque,
632 807 748 864 timores
760 806 833 866 inter
843 815 871 865 et
882 810 937 867 iras
1024 857 1026 862 .

196 908 200 916 ’
267 888 383 949 Omnem
395 887 481 948 crede
492 887 567 948 diem
581 888 632 948 tibi
644 887 967 986 diluxissepupremum:
1055 897 1059 906 ‘

267 970 350 1040 Grata
363 974 564 1050 superveniet,
589 991 662 1051 quae
674 989 730 1032 non
746 973 904 1051 sperabitur
918 976 996 1035 bora.

88 1077 91 1082 “
206 1059 244 1120 15
266 1055 314 1116 Mc
327 1058 461 1135 pinguem
470 1065 501 1116 et
513 1054 629 1116 nitidum
640 1057 714 1118 bene
725 1064 819 1118 curata
832 1066 897 1118 cute
908 1059 996 1134 vises,

267 1138 337 1200 cum
348 1139 536 1202 riderevoles
545 1139 664 1218 Epicuri
680 1141 715 1200 de
727 1159 817 1219 grege
830 1157 954 1220 porcum.
1030 1203 1031 1206 ,

588 1320 737 1328 -----.-

512 1422 759 1483 lunonem
777 1425 820 1480 Ὺ.
865 1447 885 1476 κ

422 1534 486 1587 ΑΙ)
523 1533 911 1596 ΤΟΚΩΙΙΑΤΠΜ.

264 1654 294 1715 Si
306 1663 391 1732 potes
405 1653 553 1714 Archiacis
563 1655 681 1714 conviva
691 1654 858 1714 recumbere
870 1654 952 1715 lectis

263 1737 327 1799 Nee
337 1737 449 1799 modica
460 1756 582 1800 coenare
592 1739 675 1798 times
688 1737 751 1797 olus
763 1754 846 1798 omne
857 1738 971 1816 patella,

221 1850 228 1863 ι
265 1821 624 1901 Supremotesoledomi,
647 1820 805 1900 Torquate,
832 1823 961 1883 manebo.
1036 1876 1040 1884 .

264 1906 335 1967 Vina
348 1907 432 1967 bibes
447 1909 548 1967 iterum
560 1905 650 1966 'lauro
665 1904 765 1965 diffusa
777 1906 915 1984 palustres

224 1991 243 2052 5
264 1989 341 2051 Inter
350 1990 504 2051 Minturnas
516 1991 774 2070 Sinuessanumque
788 1988 937 2050 Petrinum.

262 2075 312 2134 Sin
323 2074 424 2136 melius
437 2074 504 2154 quiri
514 2073 620 2150 habes,
644 2092 777 2151 arcesse,
800 2074 847 2134 vel
859 2077 1005 2152 imperium
1018 2077 1080 2138 ier:

261 2157 424 2220 Iamdudum
436 2157 569 2237 splendet
582 2158 665 2220 loeus
678 2167 706 2216 et
717 2158 767 2218 tibi
779 2158 879 2219 munda
891 2160 1030 2238 supellex.

263 2241 343 2302 Mitte
358 2242 439 2304 leves
451 2259 519 2322 spes
535 2251 564 2302 et
575 2244 725 2303 certamina
737 2240 892 2304 divitiarum

261 2324 300 2385 Et
311 2326 422 2387 bloscbi
436 2345 564 2388 eausam:
588 2343 649 2386 cras
661 2336 727 2386 nato
740 2324 863 2388 Caesare
876 2327 966 2388 festus

204 2413 243 2474 10
264 2409 439 2472 Datveniarn
450 2429 635 2489 somnumque
647 2409 709 2470 (lies
719 2445 734 2486 ,=
753 2412 867 2488 impune
882 2411 980 2472 licebit

260 2494 405 2556 Aestivam
415 2511 546 2556 sermone
557 2495 680 2572 benigno
692 2493 808 2554 tendere
819 2504 941 2556 noctem.

199 2649 200 2654 γ
263 2575 327 2654 Quo
338 2579 406 2638 mibi
417 2579 566 2655 fortunam,
583 2579 608 2637 si
621 2595 678 2638 non
690 2577 855 2641 conceditur
865 2577 924 2639 uti?
1024 2649 1028 2654 ¹

260 2660 366 2722 Parcus
378 2664 415 2722 ob
427 2661 541 2723 heredis
554 2679 648 2722 curam
659 2664 829 2741 nimiumque
842 2681 958 2724 severus

260 2745 376 2806 Assidet
387 2747 500 2808 insano:
524 2755 623 2825 potare
636 2755 664 2805 et
675 2741 813 2824 spargere
824 2745 910 2806 flores

199 2833 239 2893 15
261 2828 396 2908 Incipiam
408 2832 553 2909 patiarque
561 2829 612 2888 'vel
624 2829 800 2890 inconsultus
811 2829 919 2892 baberi.

262 2913 337 2987 Quid
349 2931 406 2974 non
417 2915 540 2975 ebrietas
563 2911 712 2990 designat?
739 2923 838 2992 operta
849 2913 978 2990 recludit,

261 2999 339 3076 Spes,
349 2998 428 3058 iubet
442 3017 509 3060 esse
523 3007 615 3074 ratas,
640 2996 675 3056 ad
689 2997 798 3075 proelia
810 2997 894 3058 trudit
904 3001 1030 3076 inertem,

260 3081 396 3142 Sollicitis
406 3084 507 3143 animis
523 3098 594 3142 onus
609 3081 719 3158 eximit,
736 3080 858 3142 addocet
871 3092 955 3142 artes.

259 3163 384 3225 Fecundi
397 3166 504 3226 calices.
514 3184 596 3245 quem
609 3181 669 3224 ncn
678 3165 775 3224 fecere
787 3165 931 3243 disertum,

198 3253 239 3314 20
261 3247 412 3310 Contracta
424 3267 507 3328 quem
517 3263 574 3310 non
589 3253 616 3310 in
628 3257 792 3327 paupertate
806 3247 950 3331 solutum?

197 3401 200 3410 ¹
261 3331 342 3393 llaec
353 3350 408 3411 ego
421 3350 572 3411 procurare
585 3343 613 3393 et
623 3331 742 3393 idoneus
753 3335 878 3412 imperor
889 3343 918 3393 ot
930 3349 987 3392 non
