2536 3986
135 212 272 308 [narn]
334 234 342 254 ¹
567 227 686 290 iltuit.

527 411 705 476 tumn.
762 493 769 524 a

451 529 509 581 Ab
538 526 785 583 PmTTIUm.

244 639 330 717 reus,
350 639 492 717 nihilne,
509 641 693 714 montanica,
706 641 782 700 iuvat

290 725 422 783 Scribere
433 723 593 783 versiculos
605 740 701 784 amore
712 740 878 802 percussum
890 725 981 802 graui,

242 807 364 882 Amore,
378 808 425 885 qui
436 824 482 866 me
494 816 608 886 praeter
618 824 717 866 omnes
730 809 838 883 expetit

190 941 193 947 ,
288 889 421 951 Mollibus
432 893 461 951 in
473 893 569 969 pueris
580 899 627 952 aut
639 881 668 950 r'n
679 889 782 968 puellis
793 908 886 951 urere.

243 973 296 1034 llic
306 976 405 1034 tertius
416 974 595 1050 December,
609 993 646 1034 ex
660 990 717 1052 quo
735 973 829 1033 destiti
1023 1001 1025 1010 =
1077 975 1096 1038 5

288 1055 402 1118 lnaobia'
413 1057 523 1133 lurore,
542 1058 621 1117 siluis
634 1058 770 1118 honorem
781 1055 896 1116 decutit.

242 1141 306 1202 Heu
316 1159 377 1217 me,
391 1157 443 1218 per
452 1142 559 1202 Urbem
570 1173 581 1186 -
592 1155 655 1201 narn
666 1141 753 1219 pudet
762 1141 930 1201 tantimali·

287 1224 393 1285 Fabula
405 1234 505 1304 quanta
517 1225 571 1285 ini!
589 1223 790 1285 conviviorum
801 1233 830 1284 ct
844 1227 982 1302 poenitet,
1064 1293 1072 1308 ‚

243 1306 275 1368 ln
288 1311 351 1386 quis
362 1318 498 1368 amantem
515 1306 633 1388 languor
645 1318 674 1369 et
686 1308 827 1369 silentium

288 1390 389 1470 Arguit
404 1392 717 1476 etlaterepotitusimo
733 1394 858 1470 spiritus.
1058 1393 1098 1456 10

244 1474 411 1552 „Contrane
424 1475 532 1536 lucmm
546 1477 584 1536 nil
594 1476 691 1537 valere
707 1475 853 1536 candidum

288 1558 422 1635 Pauperis
434 1558 619 1638 ingeninnb‘
632 1561 772 1642 querebar
781 1559 933 1638 applorans
943 1559 1005 1636 tibi,

208 1689 212 1694 ,
243 1642 332 1702 Simul
342 1642 460 1703 calentis
471 1645 677 1708 inverecundus
690 1645 759 1704 deus

218 1727 224 1740 ’
287 1725 452 1786 Ferridiore
464 1745 542 1788 rnoro
558 1747 658 1804 arcana
667 1736 814 1807 promorat
825 1726 901 1788 loco.

241 1808 351 1887 „Quod
362 1813 387 1870 si
398 1813 469 1870 meis
481 1813 620 1871 inaestuet
635 1811 809 1889 praecordiis
1056 1811 1094 1874 15

287 1891 412 1969 „Libera
423 1893 505 1969 bilis,
518 1903 548 1954 ut
559 1895 632 1955 baec
643 1899 750 1973 ingrata
760 1896 853 1955 ventis
866 1895 971 1956 dividat

241 1975 400 2054 „Fomenta
412 1976 514 2036 vulnus
525 1977 564 2038 nil
575 1977 675 2037 malum
688 1978 819 2054 levantia,
884 1981 887 1986 '

286 2058 430 2134 „Desinet
443 2059 596 2138 imparibus
609 2070 718 2120 certare
729 2071 884 2123 summotus
895 2062 1021 2140 pudor.“

240 2141 295 2204 Ubi
307 2143 378 2202 baec
390 2160 508 2202 severus
518 2153 548 2203 te
559 2143 651 2222 palam
664 2143 851 2222 laudatarum,
1065 2216 1067 2220 ,

286 2224 384 2286 lussus
396 2227 474 2286 abire
486 2227 615 2304 domum,
629 2229 742 2288 ferebar
754 2232 863 2289 incerto
875 2228 949 2306 pode
1053 2231 1095 2293 20

238 2310 282 2369 Ad
292 2325 349 2370 non
360 2312 466 2370 amicos
482 2313 538 2372 beu
552 2312 620 2370 mibi
631 2321 730 2389 postes
745 2321 773 2374 et
784 2312 840 2372 beu
875 2327 878 2331 ·

284 2393 389 2453 Limina
403 2394 489 2472 dura,
503 2395 605 2474 quibus
615 2394 727 2455 lumbos
739 2405 769 2456 et
778 2396 881 2474 infregi
892 2393 974 2454 latus.

239 2477 320 2537 Nunc
330 2477 477 2555 gloriantis
493 2478 645 2557 quamlibet
660 2478 851 2539 mulierculam

267 2615 269 2624 ,
282 2560 405 2621 Vincere
416 2562 533 2624 mollitia
545 2581 623 2623 amor
633 2555 745 2639 Lycisci
756 2582 801 2623 me
812 2570 899 2639 tenet,
909 2611 911 2616 .

240 2645 319 2706 Unde
332 2645 470 2724 expedire
479 2664 536 2706 non
550 2649 702 2707 amicorum
714 2657 818 2727 queant
1052 2651 1091 2712 26

281 2727 381 2789 Libera
392 2731 509 2792 consilia
523 2747 578 2790 nec
589 2731 776 2792 contumeliae
786 2749 898 2810 graves

236 2810 294 2870 Sed
305 2810 376 2872 alius
389 2812 473 2874 ardor
487 2824 534 2874 aut
546 2815 659 2893 puellae
671 2816 805 2876 candidae

172 2961 174 2966 ¹
281 2894 337 2955 Aut
347 2898 446 2956 teretis
458 2901 538 2976 pueri
550 2898 663 2978 longam
674 2900 835 2960 renodantis
848 2917 965 2960 nomam.
