2536 3986
109 247 181 324 [oe.
195 250 235 304 ra.
249 246 302 323 re]
532 231 654 324 nutum
1016 229 1076 303 127
1105 256 1107 261 ·

157 395 291 458 Threicio
302 396 445 481 Aquilone
458 409 570 460 sonant:
581 387 737 478 rapiemus,
750 398 841 471 amici,

129 530 133 536 .
200 478 387 541 Occasionem
399 479 435 540 de
446 481 508 558 die,
522 483 643 562 dumque
654 485 746 543 virent
757 497 850 560 genua

156 563 195 625 Et
205 562 441 640 decet,obducta
452 565 577 626 solvatur
588 567 681 631 fronte
693 574 835 625 senectus.
1055 563 1075 625 5

200 646 242 707 'l'u
250 649 315 708 vina
328 646 471 726 Torquato
483 666 567 709 move
581 649 698 710 consule
710 664 898 726 prenomen:

158 728 262 791 Cetera
275 733 353 790 mitte
366 731 459 810 loqui:
470 731 621 793 deonnaeo
633 734 755 793 fortasse
765 731 886 810 benigna

199 812 330 874 Redueet
339 816 368 874 in
381 814 478 894 sedem
493 817 567 876 vice.
591 815 673 876 Nunc
686 824 714 874 et
725 815 915 874 Achaemenio

157 895 291 958 l'eriundi
302 897 389 958 nardo
401 900 477 959 iuvat
489 909 517 960 et
527 900 582 959 lide
594 899 730 975 Cyllenea
811 931 812 941 κ
826 961 834 969 ,
874 907 893 968 g

200 980 308 1042 bevere
320 980 386 1042 diris
398 991 516 1060 pectora
530 983 777 1058 sollicitudinibus,
924 995 927 1006 ¹
1036 984 1076 1045 10

158 1064 270 1125 Nobilis
282 1074 311 1125 ut
322 1064 420 1144 mandi
432 1069 535 1127 cecinit
546 1065 702 1129 Centaurus
716 1065 842 1126 alumno:

160 1148 886 1314 „dizitstititlitttttt‘thltllh

204 1315 347 1392 „Findunt
356 1317 516 1380 Scamandri
528 1317 639 1378 humine
650 1317 775 1378 lubricus
786 1325 815 1376 et
826 1315 940 1396 Simois,

161 1399 267 1476 „Unde
278 1401 328 1461 tibi
339 1401 458 1462 reditum
470 1407 548 1464 certo
560 1403 716 1462 subtemine
726 1399 831 1460 Parcae
1038 1403 1075 1464 15

204 1482 359 1562 „Rupere,
377 1503 431 1546 neo
441 1494 529 1545 mater
540 1485 652 1546 domum
664 1484 775 1545 caerula
787 1489 815 1543 te
826 1484 951 1546 revehet.

162 1564 251 1642 „illic
262 1585 344 1648 nume
354 1568 455 1628 malum
466 1571 532 1629 vino
545 1579 683 1649 cantuque
694 1567 798 1644 leuato,

206 1649 373 1726 „Deformis
383 1655 572 1732 aegrimoniae
588 1653 717 1714 dulcibus
732 1651 899 1730 alloquiis.“

532 1849 681 1860 ...—

495 2027 595 2084 ocu
621 2007 720 2082 xlv.

368 2134 425 2192 ln
455 2133 827 2191 mensunusum.
871 2121 874 2137 '

273 2243 368 2305 hlollis
379 2245 478 2305 inertia
489 2262 539 2305 cur
550 2254 653 2306 tantam
665 2245 805 2306 diffuderit
816 2247 878 2305 imis

326 2328 503 2391 Oblivionem
518 2329 660 2406 sensibus,
822 2323 823 2330 '

273 2411 378 2474 Pocula
388 2410 529 2472 lethaeae
540 2421 571 2472 ut
584 2414 607 2472 si
620 2412 749 2472 ducentia
760 2429 875 2472 somnos

325 2495 431 2556 brente
444 2496 527 2556 larice
538 2497 681 2571 traxerim,
1112 2545 1121 2554 ,

275 2578 400 2642 candide
413 2578 580 2657 Maecenas,
594 2579 702 2640 occidis
714 2597 801 2657 saepe
814 2578 957 2657 rogando:
1061 2579 1080 2642 5
1193 2619 1197 2638 .

324 2663 418 2740 Deus,
435 2662 505 2724 deus
515 2682 578 2724 nam
589 2670 719 2726 mevetat

274 2746 420 2826 inceptos,
433 2745 499 2807 olim
511 2748 681 2826 prondssum
693 2765 816 2823 carmen,
827 2746 936 2826 iambos

324 2830 369 2891 Ad
379 2830 541 2892 umbilicum
550 2830 701 2892 adducere.
713 2853 718 2860 ·

275 2913 339 2975 Non
350 2913 431 2975 aliter
442 2914 535 2974 Samio
548 2914 642 2976 dicunt
653 2916 759 2976 arsisse
769 2911 898 2989 Bathyllo
1119 2975 1123 2979 ,

324 2997 501 3059 Anacreonta
512 2997 621 3076 Teium,
1042 2999 1082 3060 10

277 3079 333 3154 Qui
350 3097 491 3160 persaepe
503 3099 571 3143 cava
581 3081 722 3142 testudine
733 3081 811 3142 flevit
824 3097 947 3140 amorem

327 3164 392 3226 Non
403 3165 574 3226 elaboratum
585 3165 620 3226 dd
634 3164 744 3244 pedem.

275 3249 372 3309 Ureris
383 3250 447 3327 ipse
458 3251 557 3308 miser:
570 3249 672 3327 quodsi
684 3265 739 3308 non
751 3247 894 3326 pulchrior
904 3247 979 3325 ignis

326 3331 465 3392 Ascendit
475 3332 621 3392 obsessam
633 3323 716 3408 Ilion,
