2536 3986
530 198 804 314 'CARMINUtt
884 203 886 210 ¹
1023 239 1158 320 [cara]
1260 239 1263 356 l

383 399 386 411 '
477 415 485 424 ·
575 414 676 471 eurr
692 415 780 472 m.

500 531 547 584 sn
565 529 837 586 maucnnsunm

337 639 420 700 Nolis
432 642 517 720 longa
529 643 608 703 serae
619 643 695 704 bella
706 642 872 704 Numantiae

336 723 400 784 Nee
408 723 505 784 durum
512 725 692 794 Hannibalem
704 746 759 786 nec
770 727 895 788 Siculum
905 747 982 790 mare

336 805 433 868 Poeno
446 826 617 888 purpureum
635 813 773 888 sanguine
784 812 916 872 mollibus

420 892 518 972 Aptari
531 894 654 954 citharae
666 894 769 972 raedis,

335 1026 398 1087 Nec
410 1047 513 1088 saevos
528 1027 660 1105 Lapithas
672 1027 701 1087 et
713 1029 826 1088 nimium
838 1045 917 1090 mero

261 1125 264 1134 ¹
333 1110 469 1187 Hylaeum
482 1112 663 1191 domitosque
676 1111 818 1172 Herculea
828 1131 910 1174 manu

333 1193 454 1256 Telluris
465 1199 594 1273 iuvenes,
607 1195 681 1256 unde
693 1194 849 1274 periculum

372 1327 373 1334 ,
414 1278 539 1358 Fulgens
552 1282 719 1340 contremuit
734 1278 833 1339 domus

331 1411 441 1472 Saturni
452 1417 570 1483 veteris;
588 1423 675 1494 tuque
692 1413 872 1493 pedestribus

330 1493 418 1555 Dices
433 1498 561 1557 historiis
574 1498 684 1576 proelia
696 1496 838 1575 Caesaris,

329 1577 491 1657 Maecenas,
510 1580 611 1642 melius
626 1582 768 1662 ductaque
780 1598 832 1661 per
842 1583 903 1642 vias

326 1699 329 1707 »
414 1663 526 1742 Regum
537 1665 612 1726 colla
623 1669 781 1726 minacium.

251 1855 253 1862 s
328 1795 375 1858 tte
387 1797 485 1859 dulces
497 1799 625 1860 domnae
635 1818 715 1861 musa
726 1798 886 1876 Licymniae

330 1879 445 1960 Cantus,
463 1902 509 1942 me
524 1883 614 1944 voluit
627 1885 724 1945 dicere
734 1884 857 1944 lucidum
913 1928 915 1933 -

327 1963 481 2044 Fulgentes
493 1967 594 2028 oculos
610 1976 638 2028 et
650 1969 725 2029 bene
737 1970 839 2027 mutuis

410 2048 510 2136 Fidum
522 2061 623 2130 peetus
635 2053 789 2129 amoribus,

299 2181 308 2198 ‘
328 2183 417 2257 Quam
428 2203 482 2245 nec
492 2185 568 2245 ierne
582 2187 683 2263 pedem
696 2186 827 2245 dedecuit
840 2186 934 2245 choris
1045 2249 1046 2252 ,
1103 2224 1106 2235 ‹

325 2267 388 2328 Nec
400 2278 509 2329 certare
519 2271 587 2329 iccc
598 2289 652 2329 nec
664 2270 730 2330 dare
740 2269 854 2329 brachia

324 2349 477 2412 ludentem
488 2353 582 2412 nitidis
588 2355 745 2431 virginibus
757 2370 839 2413 sacro

408 2435 515 2497 Dianae
529 2436 652 2498 celebris
664 2437 721 2497 slie.

325 2568 398 2629 Num
409 2579 438 2630 tu
451 2590 524 2650 quae
536 2573 625 2630 tenuit
637 2570 718 2631 dives
729 2569 927 2632 Achaemenes

324 2653 381 2713 Aut
392 2656 504 2732 pinguis
515 2654 654 2738 Phrygiae
665 2654 834 2733 Mygdonias
850 2671 923 2734 opes

322 2737 485 2799 Pennutare
495 2738 568 2798 velis
581 2741 658 2797 crine
669 2738 841 2818 Licymniae,

405 2821 505 2882 Plenas
521 2831 567 2882 aut
579 2821 702 2882 Arabum
714 2821 824 2898 domos,

324 2953 398 3015 Dum
409 2955 553 3034 flagrantia
567 2955 716 3035 detorquet
726 2957 761 3016 ad
773 2954 872 3018 escula

325 3034 483 3116 corucem,
497 3049 543 3100 aut
554 3041 631 3101 facili
645 3043 762 3100 saevitia
771 3048 867 3118 negat,

276 3121 286 3139 '
325 3119 406 3194 Quae
417 3132 555 3201 poscente
567 3127 657 3202 magis
668 3124 790 3202 gaudeat
801 3124 883 3201 eripi,
949 3185 956 3198 ,

405 3205 547 3268 laterclum
557 3227 660 3286 rapere
673 3205 814 3286 occupet?
