2556 3988
137 205 237 319 inune.
250 244 324 319 nep
529 241 686 318 nmuuu.
728 245 731 249 ·
1035 243 1098 306 mc
1220 244 1223 256 ’

13 395 16 402 “
134 392 264 472 „Vivere
275 396 300 454 ei
311 397 513 470 recteneecie,
529 395 637 456 decede
649 397 758 473 peritis.

135 475 262 554 „Lusisti
274 481 357 554 tetis,
374 477 458 538 edisti
469 481 537 540 setis
548 489 633 557 utque
646 479 756 539 bibisti:

135 559 372 639 „Tempueebire
383 563 503 638 tibiest,
519 572 664 640 nepotum
679 562 887 642 lurgiueuequc
1036 566 1097 630 215

8 645 10 652 ’
134 643 262 724 „Rideat
272 654 302 705 et
312 644 406 724 pulset
417 646 522 708 lascive
533 645 679 706 decentius
690 649 802 706 uetes.“

400 945 405 962 '
449 972 698 1028 memnone
711 973 787 1028 m.

502 1079 550 1132 nn
573 1077 738 1134 insomne.

202 1189 299 1259 [vugo
323 1188 455 1243 elenu
480 1187 533 1240 nu
557 1188 677 1241 nuum
704 1187 897 1241 ronrrcn
922 1186 1029 1258 erem]

132 1308 260 1372 Humane
272 1312 357 1390 capiti
369 1310 509 1371 cervicem
522 1311 615 1388 pictor
626 1311 755 1387 equinam

133 1395 255 1474 Iungere
269 1397 294 1456 si
303 1393 388 1470 uelit,
408 1402 437 1452 et
447 1396 539 1454 verius
552 1391 686 1453 inducere
698 1393 806 1470 plumes

133 1477 263 1558 Undique
275 1477 385 1539 collutis
398 1479 547 1553 membris,
566 1487 596 1537 ut
609 1479 730 1556 turpiter
740 1485 828 1537 etnim

132 1563 252 1624 Desinat
261 1565 289 1623 in
299 1565 409 1641 piscem
418 1560 519 1622 mulier
532 1562 656 1622 formosa
668 1579 803 1638 superne:

134 1647 296 1725 Spectatum
307 1645 421 1708 admitei
431 1648 517 1722 risum
527 1648 662 1721 tenentis,
676 1641 778 1704 amici?

135 1727 264 1806 Credite,
280 1729 417 1806 Pisones,
433 1731 480 1789 isti
491 1729 603 1790 tabulae
614 1729 676 1788 iore
685 1728 786 1788 librum

132 1813 323 1891 Pereimiiem,
337 1816 433 1888 cuius,
452 1813 530 1872 velut
541 1815 620 1890 aegri
632 1814 756 1888 somnia,
771 1830 860 1872 renue

132 1897 288 1976 Fingentur
299 1899 431 1975 species,
448 1905 479 1954 ut
489 1913 543 1956 uec
555 1912 609 1974 pce
620 1913 675 1954 nec
686 1905 769 1973 ceput
779 1896 827 1955 uni

132 1980 276 2040 Reddatur
285 1980 404 2040 formae.
426 1978 612 2048 §Pictonibus
623 1988 709 2058 utque
722 1981 817 2056 poetis

59 2049 101 2136 >C
134 2062 279 2137 Quidlibet
290 2061 409 2122 audendi
424 2079 538 2139 semper
549 2063 602 2122 fuit
612 2081 703 2141 aeque
714 2071 850 2140 potestus.
1059 2069 1097 2130 10

132 2153 152 2218 5
163 2147 290 2223 Scimus,
311 2155 340 2205 et
348 2147 420 2205 hene
430 2146 540 2205 veniam
551 2147 729 2225 petimusque
741 2147 895 2227 demusque
904 2151 1040 2227 vicissim,

133 2231 191 2292 Sed
202 2247 259 2291 non
270 2239 301 2290 ut
314 2228 433 2308 placidie
445 2237 549 2289 cedent
560 2231 761 2307 immitiu,ncn
771 2239 802 2290 ut
1113 2221 1123 2236 ’

133 2317 288 2394 Serpentes
303 2313 402 2375 avibus
413 2316 603 2392 geminentur,
619 2315 739 2391 tigribus
750 2317 825 2392 agui.

130 2399 256 2477 Inceptis
267 2398 400 2476 gravibus
412 2397 579 2476 plerumque
590 2406 620 2456 et
628 2415 730 2474 ,magne
741 2399 880 2475 professis

131 2481 309 2560 Purpureus,
325 2480 618 2560 iatequisptendeat,
635 2481 829 2542 unueetulter
1057 2487 1095 2546 15

133 2567 263 2626 Aeeuitur
276 2583 402 2643 pannus,
414 2583 479 2624 eum
491 2564 572 2624 iucue
584 2575 614 2625 et
625 2583 672 2626 ara
682 2565 790 2626 Dianae
840 2556 849 2570 ”

130 2649 168 2710 m
178 2651 356 2729 properentis
369 2667 460 2728 equae
471 2666 669 2727 peramoenus
681 2650 800 2710 ambitus
811 2667 908 2728 agree,

130 2734 187 2794 Aut
197 2732 300 2794 flumen
310 2733 453 2808 Rhenum,
470 2741 520 2792 uut
530 2733 642 2810 plurius
655 2733 824 2794 describitur
834 2752 930 2804 meus,

131 2815 189 2877 Sed
198 2834 272 2877 nuuc
282 2834 340 2878 nun
351 2826 411 2878 erut
422 2817 466 2876 his
477 2817 568 2877 iocus.
587 2816 624 2876 Et
635 2816 757 2878 icrteene
769 2835 937 2896 cupressum

42 2956 48 2962 .
131 2901 196 2960 Scis
210 2900 357 2962 simulare:
377 2899 444 2990 quid
455 2900 529 2976 hcc,
546 2904 570 2960 si
585 2901 682 2960 fractis
695 2909 788 2962 enatet
799 2919 905 2980 exspes
1057 2903 1097 2964 20

131 2984 272 3061 Navibus,
289 3003 357 3046 uere
368 2984 434 3045 dete
448 2987 498 3063 qui
509 2982 651 3063 pingitur?
665 2985 808 3062 Amphora
819 2989 918 3064 coepit

129 3067 254 3130 Instituit
272 3078 402 3128 currente
412 3077 473 3128 rota
485 3085 536 3128 cur
549 3086 653 3128 urceus
664 3067 743 3130 exit?

40 3226 45 3237 1
123 3152 309 3230 venturasic
330 3154 443 3232 quidvis
468 3151 590 3230 simplex
605 3151 736 3212 dunmxet
747 3161 776 3212 et
785 3171 879 3212 unum.

8 3305 12 3313 Ι
129 3235 250 3296 tinximu
262 3253 328 3314 pare
337 3245 449 3312 rutum,
463 3244 544 3314 peter
554 3245 582 3295 et
594 3237 806 3314 iuvenes.petrc
817 3235 904 3315 digni,

128 3320 296 3398 Decipimur
306 3323 405 3396 specie
417 3321 498 3380 recti.
520 3318 620 3380 Brevis
635 3337 701 3379 esee
711 3317 820 3397 laboro,
1056 3323 1095 3384 25
