2526 3986
192 229 253 298 rm
561 231 779 306 summanum
1038 237 1159 316 [sinen

492 444 701 520 suumn
718 444 826 501 vm.
911 425 912 428 ‘

275 554 348 616 Olim
358 563 474 614 mancus
485 571 561 614 eram
572 553 707 631 ficulnus,
722 555 821 616 inutile
833 555 965 634 lignums

274 637 345 700 llum
355 638 453 714 faber,
466 639 590 698 incertus
602 655 746 703 scamnum
755 637 903 700 faceretne
911 639 1053 720 Priapum,
1073 651 1075 658 ’
1116 652 1118 661 ¹

271 722 370 783 Maluit
380 739 447 782 esse
459 719 550 781 deum.
572 721 1081 805 Deusindccgo,inrumaviumqne

271 805 539 868 Maximaiormido:
557 823 620 866 nam
634 806 711 866 iures
723 805 821 868 dextra
832 814 951 868 coercet

230 894 248 955 5
272 889 464 968 Obscenoque
474 889 560 950 ruber
571 898 718 968 porrectus
733 890 768 950 ab
779 891 895 968 inguine
907 889 997 970 polus,

226 1025 233 1054 ,
271 974 324 1034 Ast
334 976 507 1052 importmms
518 972 651 1036 volucres
663 975 693 1034 in
707 975 816 1034 vortice
827 974 934 1038 arundo

270 1057 371 1118 Terret
385 1057 440 1118 fixa
452 1065 585 1136 vetatque
602 1059 685 1118 novis
696 1057 845 1118 considere
859 1060 887 1117 in
899 1059 997 1120 bortis.

147 1187 149 1193 ,
269 1141 331 1201 Huc
343 1143 421 1219 prins
433 1145 559 1219 angustis
573 1143 667 1208 ,eiecta
682 1141 819 1202 cadavera
831 1140 913 1202 cellis

270 1223 432 1293 conservus
442 1225 492 1284 vili
503 1225 639 1304 portanda
650 1224 763 1288 locabat
774 1227 802 1285 in
814 1242 892 1295 erem
925 1257 929 1262 ·

206 1307 246 1368 10
267 1308 330 1370 lloc
340 1311 461 1370 miserae
472 1309 550 1387 plebi
562 1309 652 1372 stabat
662 1327 809 1372 commune
822 1309 993 1387 sepulcrum,
1067 1369 1069 1376 ,

268 1388 422 1454 Pantolabo
435 1409 550 1454 scurrae
561 1392 795 1472 Nomentanoque
804 1395 913 1472 nepoti.

266 1476 345 1537 Mille
357 1476 448 1554 pedes
462 1476 613 1555 mironio,
626 1487 771 1538 trecentos
785 1479 889 1557 cippus
903 1479 1039 1556 inagnum

267 1559 320 1620 llic
331 1559 428 1635 dabat,
442 1559 564 1620 heredes
577 1569 783 1622 monumentum
794 1579 830 1622 no
841 1570 1016 1640 sequeretur.

264 1643 347 1704 Nunc
360 1643 429 1704 licet
437 1641 575 1721 Esquiliis
585 1645 711 1706 habitare
722 1645 881 1707 salubribus
891 1655 977 1724 atquo

201 1729 240 1790 15
262 1727 379 1806 Aggere
389 1729 419 1795 in
430 1729 528 1804 aprico
540 1730 670 1806 spatiari,
683 1746 740 1807 quc
750 1729 836 1790 modo
847 1732 942 1790 tristes

263 1810 345 1872 Ainis
355 1810 503 1876 informem
514 1813 680 1890 spectabant
690 1813 924 1890 ossibusagrum

149 1909 153 1918 ¹
265 1893 337 1960 Cum
345 1895 412 1954 milri
423 1909 479 1956 non
489 1904 593 1956 tautum
603 1895 738 1976 furesque
749 1897 902 1976 feraeque,
916 1903 1015 1958 suetae

235 2010 241 2015 ·
262 1977 343 2039 Hunc
356 1995 462 2038 vexare
473 1978 585 2055 locum,
602 1997 686 2040 curae
698 1989 762 2040 sunt
776 1989 861 2060 atque
872 1981 978 2056 labori·

263 2061 402 2134 Quantum
414 2064 581 2124 canuinibus
598 2081 671 2142 quae
682 2074 795 2125 versant
809 2073 894 2143 atquc
908 2065 1025 2126 venenis

100 2167 102 2171 ·
200 2143 242 2207 20
262 2145 405 2206 Humunos
419 2147 537 2206 animos.
564 2145 622 2206 llas
633 2145 711 2208 nullo
723 2147 845 2226 perdere
859 2165 976 2228 possum

261 2225 323 2290 Nec
337 2229 490 2308 prohibero
501 2230 602 2307 modo,
619 2231 701 2291 simul
712 2249 745 2292 ac
755 2250 829 2310 vaga
844 2233 908 2294 luna
921 2232 1057 2294 decorum

259 2312 377 2374 Protulit
393 2330 443 2390 os,
459 2315 525 2392 quin
537 2329 604 2376 ossa
615 2314 710 2393 legant
720 2316 881 2395 herbasque
891 2325 1039 2377 nocentes.

259 2395 324 2456 Vidi
338 2406 452 2475 egomet
462 2401 542 2476 nigra
554 2401 726 2461 succinctam
735 2399 840 2462 vadere
854 2400 928 2478 pella

259 2478 402 2540 Canidiam
415 2482 628 2558 pedibus-nudis
639 2500 785 2561 passoque
795 2483 910 2562 capillo,

196 2559 235 2622 25
259 2561 329 2623 Gum
341 2563 450 2642 Sagana
461 2568 567 2626 maiore
577 2565 743 2626 ululantem:
759 2567 851 2645 pellor
862 2577 995 2645 utrasque

256 2645 378 2708 Fecerat
392 2648 545 2710 horrendas
559 2649 706 2728 adspectu.
730 2651 867 2729 Scalpere
882 2660 984 2712 terram
1049 2689 1052 2696 ι

256 2731 404 2809 Unguibus
419 2742 447 2792 st
459 2732 563 2811 pullam
577 2726 714 2794 divellere
731 2736 874 2798 mordiens
885 2751 985 2813 agnem

258 2813 434 2892 coeperunt3
447 2832 531 2877 cruor
542 2819 570 2878 in
581 2816 688 2881 fossam
700 2819 852 2896 confusus,
869 2818 976 2880 utindo

256 2895 353 2959 Manes
364 2897 515 2976 elicerent,
534 2903 787 2980 enimasresponsa
799 2903 920 2967 daturas.

192 2982 235 3043 30
255 2979 347 3043 banea
359 2991 388 3042 et
399 2981 511 3061 effigies
527 2993 602 3060 erat,
614 2984 703 3046 altera
715 3004 815 3047 cerea:
827 2989 916 3048 maior

254 3062 362 3142 banea,
378 3085 451 3145 qnae
463 3072 564 3147 poenis
576 3079 775 3148 compesceret
786 3071 961 3140 inferiorem

257 3147 348 3208 Ocrea
359 3151 525 3228 suppliciter
540 3153 630 3214 stabat
641 3155 806 3233 servilibus,
824 3165 855 3214 ut
866 3173 939 3234 quae

254 3229 313 3291 lam
324 3234 461 3310 peritura,
475 3235 576 3296 modis.
601 3235 727 3297 Hecaten
738 3249 822 3298 vocat
833 3239 936 3314 altere,
949 3254 1063 3300 saevam

245 3314 351 3399 'Altera
366 3314 553 3395 Tisiphonen:
569 3330 718 3398 serpentes
730 3331 815 3401 atque
826 3322 939 3383 rideres
