2526 3986
199 205 261 270 142
580 205 796 268 saulaumon
1040 212 1109 288 [sn.
1122 211 1160 288 a]
1238 209 1239 212 ¹

219 359 261 425 lo
280 359 375 440 Atque
389 361 461 420 haee
471 377 548 436 rara,
566 357 647 419 eadat
658 357 728 421 ,dura
741 361 814 422 inter
824 375 912 436 saepo
925 360 1040 435 pericla.

282 442 335 502 llio
347 461 379 502 se
392 444 575 521 praeeipitem
591 450 667 502 teoto
680 441 770 517 dedu,
783 441 831 501 ille
845 441 966 520 flagellis

281 525 325 586 Ad
336 536 453 587 mortem
466 543 584 602 caesus,
598 526 710 604 lugiens
721 524 767 585 hie
779 524 883 586 decidit
893 543 987 586 aerem
1238 589 1239 604 ,

282 608 456 671 Praedonum
481 611 509 669 in
536 611 657 687 turbam,
694 608 771 670 dedit
799 610 845 670 hie
873 625 924 687 pro
952 625 1075 690 corpore

769 739 771 752 .
817 710 954 769 nummos,
1238 691 1239 726 l

281 775 362 836 lluno
373 777 580 855 perminxerunt
595 776 725 845 calonem
741 778 807 855 quin
819 779 901 837 etiam
913 776 981 838 illud

207 857 257 923 ‘45
280 859 407 935 Accidit,
423 867 454 920 ut
471 858 580 919 cuidam
593 868 683 920 testes
695 860 868 939 caudamque
880 861 1001 921 salacem

279 943 464 1004 Demeterent
479 943 565 1003 ferro.
587 939 699 1017 „'lure“
710 958 822 1011 omnem
835 939 921 1001 Galba
931 940 1060 1018 negabat.

281 1024 379 1088 Tutior
394 1036 422 1088 at
440 1036 543 1105 quanto
557 1045 635 1086 merx
645 1036 689 1087 est
705 1029 733 1088 in
745 1027 838 1088 classe
850 1026 983 1104 seeunda,
1238 1059 1239 1110 l

279 1109 480 1172 libertinarum
492 1110 572 1188 dieo,
588 1109 736 1170 Sallustius
748 1113 776 1170 in
788 1127 857 1190 quas
1093 1175 1096 1183 ,
1238 1113 1239 1184 l

279 1193 343 1254 Nou
360 1198 450 1255 minus
462 1195 564 1254 insanit
579 1211 660 1272 quam
672 1197 720 1273 qui
731 1196 904 1256 moechatur.
926 1193 1019 1256 Atlio
1036 1199 1071 1274 si,
1238 1187 1239 1228 ³

167 1329 172 1342 ,
216 1275 257 1338 50
279 1276 414 1355 Quales,
431 1280 566 1357 quaratio
580 1278 729 1354 suaderet,
749 1295 862 1358 quaque
876 1277 1005 1338 modeste

278 1359 410 1421 lllunilioo
424 1379 488 1421 esse
500 1360 582 1438 lieet,
596 1361 684 1422 vellet
694 1363 785 1422 honus
797 1371 881 1441 atque
893 1362 1031 1441 benignus

278 1443 372 1521 Esse,
389 1445 467 1505 daret
480 1455 612 1522 quantum
623 1449 690 1506 satis
703 1454 797 1522 esset,
813 1463 867 1506 neo
879 1445 933 1506 sibi
951 1446 1049 1506 damno

277 1527 573 1607 Dedecoriqueforet.
591 1527 1068 1607 Verumhoeseannpleotituruno,
1161 1537 1164 1551 '
1238 1527 1239 1546 l

277 1610 1086 1692 llooaruatetlaudat,„lllatronamnullamegotang0:“
1238 1603 1239 1692 l

215 1694 254 1756 55
276 1695 314 1755 llt
329 1695 467 1774 quondam
478 1693 634 1772 Marsaeus,
648 1705 754 1756 amator
765 1696 888 1774 Originis
901 1696 960 1772 ille,
1238 1697 1239 1760 l

280 1777 333 1851 Qui
347 1781 464 1858 patrium
477 1781 577 1842 mimae
590 1779 673 1840 dunat
686 1779 856 1858 fundumque
867 1779 1032 1858 Laremque,

278 1861 349 1940 „Nil
370 1863 452 1922 luerit
476 1864 542 1921 mi“
564 1865 653 1942 inquit
677 1882 770 1940 „eum
796 1864 929 2006 uxprihus
950 1882 1068 1942 unquam

819 1949 952 2008 aienis.“
1238 1979 1239 2012 ;

277 2028 381 2088 Verum
395 2038 439 2088 est
451 2047 513 2089 oum
525 2032 631 2102 mimis,
649 2040 693 2090 est
705 2049 767 2090 oum
778 2031 983 2106 meretricibus,
995 2030 1067 2090 unde
1238 2015 1239 2094 l

277 2111 361 2173 Fama
384 2111 484 2173 malum
506 2116 619 2191 gravium
642 2133 723 2192 quarn
747 2133 795 2174 nes
820 2115 910 2175 trahit.
954 2114 998 2174 An
1018 2115 1067 2173 tibi
1238 2115 1239 2180 l

376 2191 386 2202 “
843 2197 952 2260 abunde
1238 2201 1239 2212 ¹

98 2352 104 2363 ,
215 2283 256 2345 60
277 2279 431 2340 Personam
442 2282 510 2340 satis
522 2291 576 2358 est,
589 2299 645 2342 non
656 2281 734 2357 illud,
748 2281 884 2360 quidquid
897 2282 1002 2360 ubique

279 2363 383 2440 Ollieit,
400 2363 526 2426 evitare?
537 2365 643 2428 Bonam
656 2365 814 2443 deperdere
825 2366 934 2441 lamam,

276 2447 348 2508 Rern
359 2449 445 2525 patris
461 2449 612 2527 oblimare,
631 2450 731 2510 malum
747 2458 791 2509 est
806 2449 974 2527 ubieunque.
995 2447 1068 2522 Quid

860 2535 949 2593 inter-

278 2618 361 2676 estin
374 2624 514 2691 matrona,
531 2617 631 2678 aneilla
644 2634 786 2695 peoeesue
796 2613 915 2694 togata?

275 2699 376 2760 Villius
387 2703 415 2760 in
425 2699 527 2760 Fausta
540 2699 634 2760 Sullae
646 2719 744 2779 gener,
757 2702 812 2762 hoo
823 2703 909 2760 miser
919 2717 974 2759 uno

214 2785 252 2846 65
273 2783 394 2844 Nomine
405 2783 553 2861 deeeptus,
567 2802 674 2862 poenas
687 2783 763 2844 dedit
773 2802 864 2862 usque
876 2801 1018 2863 superque

277 2867 367 2940 Quam
384 2869 455 2936 satis
463 2877 525 2943 est,
542 2870 644 2946 pugnis
661 2885 761 2929 caesus
772 2867 906 2946 ferroque
919 2869 1033 2945 petitus,

275 2950 416 3012 Exolusus
427 2951 510 3028 fone,
524 2969 586 3010 eum
601 2951 783 3030 Longarenus
795 2952 869 3012 sonet
880 2954 964 3012 intus.

276 3033 348 3095 Huic
360 3037 384 3095 si
397 3036 518 3094 mutonis
529 3036 624 3096 verbis
635 3036 706 3096 mala
717 3044 791 3096 tanta
801 3035 923 3096 videntis

275 3118 392 3179 Diceret
405 3120 476 3180 haee
498 3121 614 3180 animus.
648 3118 747 3196 „Quid
768 3121 812 3178 vis
832 3117 905 3180 sibit
927 3117 1067 3198 Numquid

828 3212 951 3280 egoate
1020 3231 1022 3242 =

213 3285 255 3348 70
275 3281 402 3362 „lllagno
416 3296 581 3364 prognatum
597 3286 724 3366 deposco
738 3286 856 3347 eonsale
868 3303 985 3347 aunuum
