2556 3990
517 273 521 280 ·
595 261 795 376 cauuruuu
1038 266 1170 344 [onan]

355 416 416 476 Vos
428 413 535 492 Tempe
550 413 667 476 taudem
677 415 768 476 tollite
783 416 911 477 laudibus

357 497 553 576 liciniumque,
569 515 672 576 mures,
688 498 783 560 Delon
795 500 945 579 Apollinis,

406 580 606 661 Insignemque
618 584 750 660 pharetra

459 665 650 744 Frateruaque
663 668 806 728 luurueruur
817 666 891 744 lyra!

356 799 410 861 llic
421 799 525 860 bellum
534 799 723 876 lacrimosum,
737 801 783 860 lric
794 801 924 860 miseram
935 799 1037 860 laureru

358 883 528 962 Pestemquc
539 902 555 944 a
566 883 673 962 populo
687 893 715 944 et
727 886 855 962 principe
869 881 993 944 Caesare
1004 887 1033 945 iu

409 966 509 1028 Persas
521 975 606 1048 atque
617 965 765 1027 Britannos

463 1051 564 1114 Vestra
575 1060 667 1110 mulus
679 1060 746 1129 aget
756 1069 854 1130 prece.

577 1301 677 1358 ME
696 1303 817 1360 xxll.

478 1419 524 1472 AD
543 1419 718 1472 AlllSTlUM
737 1420 895 1474 Fuscum.

409 1536 525 1617 Integer
534 1542 609 1599 vilae
621 1537 798 1618 scelerisque
809 1558 896 1620 purus

407 1621 472 1682 Nou
483 1631 550 1700 eget
563 1621 667 1682 llauris
677 1623 776 1685 iaculis
786 1643 879 1703 neque
894 1640 959 1684 arcu

407 1705 470 1766 Nec
480 1707 625 1766 venenatis
636 1705 751 1783 grauida
763 1710 884 1786 saginis,

452 1787 556 1867 Fusae,
573 1789 713 1868 pharetra,

410 1922 477 1983 Sive
490 1921 652 2002 perSprtes
663 1923 717 1983 ilcr
731 1933 889 1999 aestuosas,

409 2007 476 2066 Sive
487 2005 612 2067 facturus
625 2023 676 2084 per
686 2006 887 2084 inhospitalem
1016 2050 1025 2064 ,

410 2088 567 2151 Caucasum
577 2089 624 2150 vel
636 2109 710 2168 quae
721 2090 785 2150 loca
800 2088 946 2150 rabulosus

450 2173 559 2234 lambit
572 2172 733 2251 Hydaspes.

409 2305 537 2384 Namque
548 2325 593 2366 me
605 2307 676 2367 silva
687 2307 771 2386 lupus
782 2309 811 2366 iu
823 2306 936 2381 Sabina,

408 2391 481 2451 llum
491 2409 581 2450 meam
596 2400 678 2452 cantu
689 2390 812 2468 lalagen
827 2397 855 2448 el
864 2387 936 2450 ultra

410 2473 568 2535 'ferminum
580 2477 656 2535 curis
667 2491 757 2553 vagor
769 2473 920 2552 expellitis,

451 2555 536 2635 Fugit
545 2560 690 2634 inermem,

412 2689 503 2764 Quale
515 2699 675 2767 peracutum
688 2709 783 2772 neque
794 2690 920 2750 milliaris

410 2773 534 2834 Daunias
546 2772 610 2832 latis
621 2773 670 2833 alu
681 2775 847 2850 aesculetis,
1093 2783 1110 2898 p

406 2856 470 2918 Nec
480 2855 567 2916 lubae
578 2855 662 2916 tellus
673 2868 800 2935 generat,
813 2835 925 2944 leunfuu
1027 2861 1039 2920 l
1053 2871 1067 2906 t

451 2939 650 3000 Aridanutrix.
1082 2898 1100 3016 l

408 3071 485 3135 Pone
498 3092 544 3134 me
557 3074 646 3153 pigris
657 3073 704 3134 ulri
715 3073 790 3133 nulla
802 3077 910 3152 carupis

408 3156 501 3218 Arbor
511 3159 618 3217 aestiva
629 3167 773 3218 recreatur
788 3173 865 3235 auru,

322 3279 327 3290 ·
409 3239 493 3314 Quod
503 3239 576 3300 latus
586 3240 680 3301 mundi
691 3239 811 3303 nebulae
822 3241 970 3320 malusque

460 3321 588 3402 luppiter
604 3333 700 3403 urget:
